1792 3095
882 169 910 211 8

203 292 436 334 accoluisse
467 295 589 346 atque
623 304 719 333 esse
752 304 852 332 usos
884 290 1029 333 Frisiis
1061 293 1206 334 vicinis
1240 292 1396 346 elucet,
1434 307 1512 350 qua
1544 294 1595 338 do

204 386 248 413 re
297 370 398 412 infra
446 370 577 413 fusius
630 370 859 426 disputabo.
928 370 1021 423 Nec
1060 374 1175 427 parvi
1214 372 1464 417 aestimanda
1502 379 1597 416 sunt

206 450 336 493 Solini
358 450 505 493 verba:
537 450 660 494 Mons
682 450 795 493 Sevo
828 453 920 506 ipse
952 453 1109 504 ingens,
1141 466 1218 493 nee
1241 452 1597 507 Riphaeisminor

208 529 380 572 collibus
413 531 565 572 initium
591 529 843 572 Germaniae.
865 528 974 571 facit.
1022 528 1139 572 Hunc
1159 527 1413 584 Ingaevones
1445 536 1595 584 tenent,

207 624 231 651 a
273 609 420 663 quibus
460 612 599 664 primis
638 614 735 664 post
774 609 953 663 Scythas
993 623 1140 650 nomen
1172 609 1456 652 Germanicum
1498 624 1596 652 con-

206 690 336 742 surgit
356 684 411 740 ¹).
473 687 579 730 Nam
620 703 669 731 ex
710 688 774 730 his
808 688 968 740 verbis,
1007 702 1127 743 quum
1160 703 1184 731 a
1216 688 1358 731 Tacito
1392 694 1433 731 et
1463 688 1595 730 Plinio

210 766 449 818 doceamur,
496 766 689 809 Chaucos
729 765 1029 821 Ingaevonibus
1072 781 1167 809 esse
1207 766 1530 809 adnumerandus
1547 764 1596 821 ’),

210 845 466 888 Chaucorum
513 845 638 888 sedes
679 846 810 888 fuisse
851 848 891 887 in
930 846 1314 900 septentrionalibus
1355 845 1597 889 Germaniae

210 924 444 978 regionibus
477 930 658 980 apparet.

300 1004 563 1047 Ptolemaeus
587 1003 760 1058 denique
778 1004 988 1046 nobiscum
1006 1005 1109 1045 haec
1126 1004 1249 1046 verba
1266 1002 1598 1059 communicem:

210 1114 256 1135 ‚,.
274 1114 284 1126 .
302 1114 312 1126 .
345 1081 388 1127 οἳ
421 1085 633 1141 Φρίσσιοι,
663 1084 791 1142 μέχρι
821 1084 900 1127 τοῦ
923 1081 1125 1140 Ἀμισιοῦ
1155 1084 1370 1141 ποταμοῦ,
1407 1083 1518 1141 μετὰ
1547 1084 1599 1129 δὲ

210 1163 389 1212 τούτους
409 1163 578 1217 Καῦχοι
609 1160 653 1205 οἳ
682 1165 840 1220 μικροὶ,
872 1164 999 1220 μέχρι
1030 1163 1109 1205 τοῦ
1127 1160 1428 1221 Ὀυῖσούργιος
1458 1177 1599 1208 ποτα-

209 1241 310 1298 μοῧ,
341 1243 436 1283 εἶτα
467 1239 510 1283 οἳ
539 1240 723 1296 μείζους,
753 1242 880 1297 μέχρι
910 1241 989 1282 τοῦ
1004 1240 1190 1296 ’Ἁλβιος
1221 1240 1457 1297 ποταμοῦ.”

303 1319 418 1362 Haec
447 1319 571 1363 verba
604 1333 679 1361 nos
715 1319 877 1372 docent,
908 1319 1011 1362 fines
1034 1319 1291 1363 Chaucorum
1323 1320 1599 1364 occidentales

213 1399 265 1442 ad
287 1401 498 1451 Amisiam,
531 1400 748 1442 orientales
772 1414 868 1441 vero
891 1399 944 1442 ad
965 1400 1100 1443 Albim
1127 1406 1364 1456 spectasse3
1398 1415 1599 1457 quumque

215 1486 424 1534 praeterea
456 1481 546 1521 loca
579 1480 776 1534 quaedam
809 1494 833 1521 a
865 1480 1102 1521 Ptolemaeo
1142 1483 1345 1522 nominata
1375 1487 1599 1533 teneamus,

215 1573 318 1613 quae
350 1558 401 1600 ad
426 1558 680 1600 Chaucorum
714 1559 815 1600 fines
850 1558 1117 1613 pertinebant,
1148 1559 1259 1601 haud
1284 1558 1405 1601 dubie
1437 1575 1487 1601 ex
1517 1562 1599 1602 situ

217 1652 352 1679 eorum
393 1638 665 1691 geographico
706 1638 859 1689 elucet,
901 1637 1156 1679 Chaucorum
1198 1644 1357 1693 gentem
1391 1638 1599 1680 habitasse

215 1719 319 1757 inter
352 1713 434 1759 29⁰
460 1712 696 1758 atr—34⁰
726 1716 797 1758 15'
831 1715 982 1769 gradus
1022 1715 1282 1770 longitudinis
1316 1718 1342 1760 i.
1367 1731 1403 1759 e.
1437 1731 1461 1758 a
1493 1716 1600 1759 Sua-

215 1795 364 1838 tuanda
398 1794 451 1837 ad
481 1794 742 1849 Leuphanam
777 1794 841 1836 vel
872 1794 922 1840 ab
955 1794 1112 1836 Amisia
1145 1809 1275 1850 usque
1306 1795 1359 1837 ad
1388 1794 1600 1837 Liinebur-

215 1878 336 1929 gium,
367 1879 410 1917 et
439 1876 543 1918 inter
566 1871 712 1917 54⁰-
729 1870 809 1916 55⁰
827 1872 905 1916 20‘
927 1872 1078 1927 gradus
1101 1873 1322 1916 latitudinis
1347 1877 1370 1916 i.
1392 1889 1428 1918 e.
1446 1888 1470 1917 a
1492 1874 1600 1916 Teu-

297 2014 326 2052 ι)
354 2012 507 2048 Solinus
539 2011 606 2058 22,
628 2012 664 2048 l.
710 2012 815 2048 conf.
840 2012 977 2047 Isidor.
1002 2012 1155 2056 orignes
1190 2010 1257 2056 1⁰,
1280 2010 1303 2047 2
1330 2036 1483 2048 .....
1512 2013 1602 2049 dicti

216 2083 340 2115 autem
367 2080 481 2115 Suevi
505 2082 713 2123 putantura
738 2083 865 2114 monte
891 2083 1028 2125 suevo,
1057 2079 1119 2123 qui
1144 2079 1190 2114 ab
1218 2082 1306 2114 ortu
1330 2079 1476 2115 initium
1503 2082 1601 2116 Ger-

216 2147 362 2182 maniae
385 2147 488 2180 facit.

297 2216 327 2253 ¹)
353 2215 445 2248 Nam
471 2211 796 2255 Tacitus.(Germ.
815 2220 848 2245 c.
861 2210 903 2251 2)
930 2213 1165 2255 Ingaevones
1192 2212 1408 2257 „proximos
1436 2216 1601 2250 oceano”

217 2281 386 2318 nominat
419 2282 457 2314 et
484 2281 629 2320 (Germ.
647 2277 714 2319 35)
747 2279 918 2315 Chaucos
950 2279 1123 2322 „littoris
1148 2282 1321 2322 partem„
1352 2282 1601 2325 occupavisse

219 2350 346 2392 tradit,
371 2349 470 2383 unde
495 2346 679 2390 sequitur,
705 2349 747 2381 ut
764 2346 902 2381 Chauci
919 2346 1199 2389 Ingaevonibus
1226 2347 1304 2381 sint
1324 2347 1602 2391 adnumerandi,

217 2418 254 2453 id
280 2417 378 2461 quod
404 2414 550 2449 Plinius
586 2412 740 2448 directis
774 2413 900 2447 verbis
935 2412 1048 2446 dicit:
1081 2412 1165 2457 (lv,
1189 2409 1256 2452 28)
1282 2436 1292 2447 .
1310 2435 1319 2447 .
1337 2436 1347 2447 .
1364 2435 1374 2447 .
1399 2414 1602 2457 „Alterum

219 2493 341 2527 genus
366 2485 625 2525 Ingaevones,
656 2489 812 2522 qnorum
839 2489 926 2521 pars
953 2479 1089 2513 Cimbri
1114 2479 1273 2513 Teutoni
1298 2487 1343 2513 ac
1370 2478 1602 2514 Chaucorum

245 2551 368 2585 entes.

218 2560 243 2594 g
298 2618 329 2654 ³)
356 2614 502 2650 Claudii
527 2613 732 2648 Ptolemaei
757 2612 1003 2647 Alexandrini
1036 2613 1081 2646 de
1106 2611 1344 2654 &eegr-aphia
1376 2610 1463 2645 libri
1496 2613 1603 2650 octo:

220 2683 258 2716 in
275 2681 428 2717 Theatri
447 2679 706 2725 Geographiae
720 2703 747 2714 ..
759 2704 767 2714 .
778 2703 787 2714 .
812 2687 928 2722 opera
945 2678 1058 2714 nertii
1074 2676 1342 2715 amstelodami
1361 2674 1465 2712 1618.
1482 2678 1531 2722 11,
1547 2677 1603 2712 ll.
