1792 3095
447 95 499 130 ἐκ
926 125 932 131 ,

891 152 948 195 68

231 275 526 327 demonstravi,
554 274 701 330 quibus
724 290 747 318 a
769 277 931 331 populis
955 276 1108 318 Chauci
1141 279 1431 332 antiquissimis
1462 283 1619 334 tempo-

230 355 344 398 ribus
376 356 524 397 fuerint
555 355 715 408 inclusi,
748 360 891 408 restat,
923 360 967 397 ut
992 358 1222 398 accuratius
1252 355 1304 400 do
1324 355 1471 399 finibus
1503 359 1620 413 ipsis,

231 449 336 491 quos
368 448 459 476 mea
491 448 542 475 ex
573 437 773 480 sententia
805 441 1077 490 occupaverat
1108 435 1175 477 hic
1207 435 1385 491 populus
1407 433 1619 480 disseram.

232 515 326 568 Qua
367 516 406 555 in
447 527 493 555 re
533 527 649 568 quam
691 512 866 555 difficilis
909 516 964 556 sit
1002 515 1191 558 aecana
1231 514 1451 570 descriptio
1493 520 1534 557 et
1571 515 1621 558 ab

233 596 341 635 omni
374 592 497 634 dubio
523 606 653 634 vacua
684 592 819 635 finium
852 596 1004 636 veteris
1037 595 1189 649 populi,
1222 595 1339 648 cujus
1371 608 1517 637 nomen
1550 608 1624 650 per

234 675 357 716 multa
391 673 557 715 saecula
589 672 674 715 fere
708 676 889 727 evanuit,
921 676 1120 717 neminem
1151 673 1271 729 fugit,
1312 677 1378 729 qui
1410 675 1544 730 aliqua
1575 690 1625 718 ex

232 758 349 809 parte
381 755 562 794 terminis
600 755 870 815 antiquar-&5
886 753 1127 796 Germaniae
1167 756 1343 809 gentium
1385 753 1623 796 definiendis

235 846 399 888 operam
434 831 610 874 dederit:
644 846 767 887 quare
799 832 887 875 fore
919 847 1041 889 spero
1074 839 1118 875 ut
1149 835 1267 875 venia
1300 832 1395 874 mihi
1427 832 1557 885 detur,
1588 835 1624 875 si

234 912 341 954 forte
358 912 425 953 h'ic
442 911 524 952 illic
543 914 773 954 erraverim.
805 912 1001 967 Equidem
1019 918 1164 955 terram
1183 912 1436 954 Chaucorum
1453 914 1624 954 circum-

237 995 431 1046 scriptam
453 1004 549 1032 esse
571 993 797 1032 censuerim
820 992 924 1033 linea
948 992 1119 1046 quadam
1141 992 1192 1034 ab
1215 993 1320 1033 ostio
1337 992 1520 1033 Amisiae
1541 1006 1625 1034 me-

236 1071 377 1114 ridiem
411 1083 558 1111 versus
591 1082 639 1110 ac
672 1068 897 1111 secundum
935 1070 1082 1112 flumen
1115 1070 1167 1112 ad
1200 1084 1289 1112 eum
1327 1084 1458 1126 usque
1493 1072 1625 1113 locum

239 1150 383 1202 ducta,
415 1151 481 1205 qui
511 1163 535 1191 a
558 1149 807 1191 nostratibus
836 1149 1078 1204 „Weener”
1102 1150 1329 1206 appellatur
1350 1152 1498 1205 quique
1519 1150 1627 1192 baud
1667 1135 1673 1137 ¹

239 1230 382 1285 procul
411 1229 462 1270 ab
491 1228 629 1270 Ledae
661 1228 834 1269 fluminis
868 1242 937 1270 ore
960 1229 1089 1281 abest,
1120 1229 1188 1270 ubi
1210 1232 1250 1270 in
1272 1230 1467 1270 Amisiam
1489 1228 1627 1280 influit,

239 1310 334 1350 hinc
367 1307 565 1364 producta
597 1307 648 1349 ad
672 1307 913 1362 Hausberge
944 1309 1090 1361 locum,
1124 1311 1190 1364 qui
1211 1308 1379 1361 Visurgi
1408 1307 1529 1349 fluvio
1555 1307 1628 1350 ad-

237 1390 362 1443 jacet,
378 1387 473 1429 inde
488 1388 603 1441 juxta
626 1389 751 1442 ripam
768 1387 876 1428 fluvii
895 1368 1185 1430 occidefilem
1209 1388 1522 1442 septentrionem
1538 1401 1629 1429 ver-

241 1482 314 1509 sus
337 1480 467 1521 usque
485 1465 538 1507 ad
556 1479 643 1506 eam
660 1468 879 1519 regionem,
899 1465 964 1506 ubi
982 1467 1108 1507 Aleta
1123 1468 1163 1506 in
1175 1465 1384 1518 Visurgim
1404 1464 1628 1515 effunditur,

242 1559 290 1586 ac
323 1558 396 1599 per
415 1542 759 1595 Visselhoevede,
782 1542 1058 1598 Wolterding,
1090 1544 1357 1596 Salzhausen,
1390 1557 1493 1598 quae
1524 1556 1630 1584 nunc

242 1628 451 1674 vocantur,
483 1624 522 1663 in
557 1636 644 1664 eam
677 1636 808 1677 usque
839 1626 1044 1677 regionem
1067 1625 1311 1674 continuata,
1342 1621 1410 1663 ubi
1430 1620 1546 1663 Luhe
1577 1624 1631 1663 ri-

242 1716 320 1743 vus
352 1704 392 1742 in
424 1701 561 1743 Albim
593 1701 732 1752 influit,
770 1702 864 1742 hinc
895 1701 949 1743 ad
979 1701 1100 1743 Albis
1132 1715 1180 1743 os
1212 1715 1261 1743 ac
1294 1700 1466 1755 denique
1500 1714 1547 1741 eo
1579 1700 1630 1741 ab

244 1782 336 1822 loco
376 1779 428 1822 ad
460 1780 644 1821 Amisiae
677 1785 798 1834 caput
829 1779 1010 1822 reducta.
1076 1781 1170 1834 Qua
1210 1779 1482 1834 descriptione
1514 1779 1631 1821 facile

244 1860 499 1912 intelligitur,
539 1872 643 1912 quae
673 1860 883 1911 regiones,
923 1863 967 1899 ut
998 1872 1104 1899 nunc
1136 1862 1250 1940 surg,
1282 1859 1464 1913 pristinis
1497 1856 1632 1899 Chau-

247 1952 384 1979 corum
416 1936 564 1978 finibus
597 1939 896 1979 contineantur:
931 1943 1025 1979 sunt
1059 1940 1161 1979 enim
1193 1935 1292 1979 hae:

335 2016 469 2057 Frisia
500 2016 721 2067 orientalis,
755 2018 967 2058 comitatus
1001 2015 1330 2069 Oldenburgicus
1369 2021 1409 2057 et
1439 2014 1633 2057 Delmen-

246 2098 481 2147 herstanus,
512 2097 681 2137 maxima
715 2098 977 2150 episcopatus
1000 2093 1341 2148 monasteriensis
1370 2108 1478 2149 pars,
1511 2097 1635 2136 comi-

248 2181 356 2218 tatus
387 2175 689 2229 Diepholtanus
723 2180 763 2215 et
794 2171 1001 2229 Hoyensis
1036 2181 1075 2217 et
1107 2174 1436 2230 septentrionalis
1475 2176 1634 2229 episco-

248 2260 370 2309 patus
408 2253 639 2295 Mindensis
681 2267 797 2308 pars,
841 2253 1011 2295 ducatus
1051 2254 1287 2295 Bremeusis
1326 2252 1635 2307 Verdensisque

251 2340 291 2377 et
321 2332 653 2389 septentrionalis
685 2334 934 2389 principatus
966 2331 1211 2386 Liinburgici
1244 2345 1341 2388 pars
1354 2327 1398 2386 ¹).

331 2526 358 2569 ι)
383 2528 494 2562 Nunc
520 2522 572 2562 eo*
593 2525 716 2569 magis
741 2525 917 2577 apparet,
942 2525 1137 2561 erravisse
1163 2524 1424 2569 conringlum,
1454 2524 1498 2557 ut
1522 2530 1639 2566 supra

244 2591 326 2639 ,iam
343 2594 618 2638 contendimus,
644 2585 797 2648 praeter
817 2593 997 2649 regiones
1022 2593 1109 2627 illas
1127 2602 1149 2627 a
1166 2601 1224 2627 me
1241 2591 1403 2628 Chaucis
1425 2590 1636 2633 adscriptas

252 2661 364 2697 etism
396 2662 465 2696 has
498 2661 543 2697 ab
577 2660 624 2696 iis
658 2662 865 2703 occupata·
899 2668 988 2697 esse
1019 2662 1161 2696 ratum:
1200 2660 1282 2702 „Ut
1314 2657 1489 2702 proinde,
1520 2657 1639 2700 inquit
