1792 3095
596 158 631 189 ³*
894 178 922 222 o

211 314 281 342 res
314 304 476 341 veteres
508 303 700 341 auctores
742 303 782 341 et
820 303 952 341 testes
993 301 1124 342 secuti
1164 298 1290 342 sedes
1330 305 1371 343 et
1403 299 1603 343 domicilia

215 381 524 421 constituamus.

306 457 431 512 Quod
462 457 516 499 ad
546 458 785 500 sententiam
806 456 1026 500 Ledeburii
1058 460 1213 510 attinet,
1244 459 1434 501 assentiri
1466 460 1501 499 ei
1524 471 1603 499 non

216 536 378 589 dubito,
427 536 847 589 archidiaconatuum,
894 539 935 578 in
976 545 1079 592 quos
1121 536 1252 579 divisa
1294 541 1380 579 erat
1420 550 1604 593 quaeque

218 616 444 669 dioecesis,
478 615 643 658 eosdem
676 616 779 658 fines
810 621 931 672 atque
954 630 1147 672 pagorum
1172 630 1281 669 esse,
1313 630 1480 672 quorum
1503 616 1604 657 mul-

216 701 283 737 tos
314 709 459 736 nomen
492 708 515 736 a
547 697 729 750 pristinis
760 695 906 750 incolis
922 697 1113 764 traxisse
1145 700 1326 747 constat3
1367 709 1443 737 nec
1474 697 1605 738 miuus

218 776 255 815 ei
296 773 501 825 concedo,
541 773 660 816 facile
701 786 750 815 ex
792 754 995 828 pagorum
1027 760 1108 814 situ
1150 773 1201 815 de
1241 774 1404 829 populis
1432 774 1605 828 judicari

217 849 370 908 poss&
392 855 460 907 qui
491 857 631 899 antea-
641 853 708 896 ibi
719 852 1013 897 habitaverint.-
1031 857 1219 901 attamen
1245 852 1383 896 ficere
1407 866 1487 894 non
1508 866 1605 908 pos-

218 945 329 983 sum,
361 933 476 985 quin,
509 944 629 985 quum
661 933 765 972 inter
798 944 938 972 omnes
970 936 1145 984 constet,
1177 931 1399 986 permultos
1432 932 1606 987 populos

220 1011 310 1051 aliis
342 1008 593 1064 temporibus
624 1010 728 1052 alias
761 1008 885 1052 sedes
917 1011 1100 1052 tenuisse
1131 1009 1315 1066 finesque
1340 1024 1476 1053 eorum
1498 1009 1605 1052 bello

220 1088 340 1130 modo
375 1088 566 1130 dilatatos
599 1087 720 1130 modo
754 1087 990 1131 deminutus·
1016 1102 1133 1141 esse,
1162 1087 1382 1131 Ledeburii
1414 1090 1606 1132 rationem

223 1174 391 1211 eatenus
422 1172 575 1208 tantum
609 1173 846 1228 prosequar,
879 1172 1078 1222 quatenns
1109 1179 1191 1208 non
1223 1145 1607 1221 repugno-'maudo-

220 1260 308 1288 rnm
340 1247 599 1289 testimoniis.
633 1244 795 1301 ‘ltaque
831 1248 1064 1301 scriptores
1086 1247 1321 1287 veteres²in
1350 1244 1606 1290 Chaucorum

223 1325 392 1367 sedibus
434 1324 730 1366 constituendis
763 1330 932 1365 secutus
963 1330 1251 1379 nonnunquam
1279 1329 1431 1366 tantum
1463 1326 1608 1369 aetatis

221 1402 381 1446 mediae
412 1403 706 1458 geographiam·
731 1401 784 1445 ad
816 1402 1111 1447 confirmandas
1142 1402 1419 1449 res'adhihui.
1527 1417 1530 1421 '

315 1484 382 1523 Ac
411 1484 581 1537 primum
614 1481 775 1537 quidem
805 1495 858 1523 ex
876 1481 1010 1524 -Pliuii
1032 1483 1157 1534 loco,
1179 1491 1306 1537 quem-
1329 1476 1610 1537 supra-'rieu-

225 1560 339 1611 davi,
383 1559 638 1602 Chaucorum
679 1565 840 1613 gentem
878 1563 922 1601 in
963 1558 1527 1616 Germaniassseptentriomli
1570 1566 1611 1601 et

225 1638 386 1693 quidem
425 1651 553 1692 prope
589 1651 682 1679 oras
714 1640 933 1679 maritimas
965 1638 1195 1690 habitasse,
1236 1652 1340 1693 quae
1370 1641 1609 1681 marinorum

225 1723 411 1759 aestuum
443 1718 631 1759 accessui
672 1721 713 1758 et
737 1718 928 1771 ‚recessui
960 1718 1365 1770 expositae-essent,
1386 1706 1494 1760 «luce
1527 1716 1609 1758 cla-

224 1799 310 1838 rius
342 1799 525 1850 apparet,
578 1793 683 1836 Huic
716 1794 824 1837 dicto
846 1793 996 1837 Strabo
1026 1796 1213 1847 assentit,
1245 1796 1321 1850 qui·
1340 1795 1465 1837 hunc
1480 1808 1610 1850 popu-

226 1877 321 1927 lum,
344 1874 480 1916 semei
494 1869 647 1915 tautum
671 1879 1037 1925 commemoratum,
1068 1873 1125 1915 ad·-
1143 1883 1364 1915 numerum
1373 1868 1610 1942 populorum

227 1954 439 1996 Oceanum
472 1952 738 2020 accolentium
772 1952 897 1994 refert
930 1950 1101 1993 dicens·
1122 1949 1230 2010 πρὸς
1264 1950 1314 1995 δὲ
1343 1951 1403 2011 ’ὲῷ
1434 1947 1611 2011 ὥκεανῶ

226 2032 509 2089 Σούγαμβροί
545 2045 593 2073 τε
631 2033 706 2072 καὶ
742 2028 921 2085 Χαῧβοι
962 2033 1037 2072 καὶ
1075 2025 1343 2087 Βρούκτεροι
1389 2032 1463 2072 και
1502 2012 1612 2090 Ktp-
1654 2030 1662 2039 ⁸

227 2113 346 2167 βρσι,
377 2109 544 2153 Καῧκοί
573 2124 619 2151 τε
650 2110 724 2151 καὶ
745 2107 965 2153 Καοῦλκοι
995 2110 1070 2153 καὶ
1091 2110 1353 2168 Καμψιανοὶ
1384 2110 1458 2153 καὶ
1483 2107 1613 2152 ἄλλοι

228 2188 407 2237 πλείους
423 2184 473 2237 ’.)
1558 2225 1562 2228 .

323 2264 448 2319 Quod
483 2256 581 2306 item
623 2265 741 2305 etiam
773 2263 943 2306 historia
976 2264 1117 2317 docet,
1161 2272 1266 2308 nam
1283 2265 1463 2308 Tacitus
1482 2222 1644 2331 (An'n.

229 2343 370 2389 111».st
395 2343 529 2392 c.24)
558 2342 787 2385 Germanici
810 2355 975 2395 navem,
1007 2344 1213 2397 naufragio
1245 2347 1286 2385 in
1310 2346 1416 2414 mari
1447 2348 1613 2416 septen

312 2538 342 2574 ¹)
367 2536 411 2569 Iu
437 2535 555 2577 prima
580 2534 761 2569 sectione.
798 2535 893 2570 Plin.
919 2535 1002 2569 hist.
1029 2536 1105 2570 nat.
1130 2535 1194 2570 lib.
1209 2530 1313 2580 xv1‚
1335 2535 1368 2570 l.
1385 2533 1439 2575 9)

308 2604 341 2641 ’)
367 2602 568 2637 Strabonis
587 2602 848 2646 Geographioa
869 2610 949 2638 reo.
964 2603 1158 2638 Gustavus
1174 2601 1345 2638 Rumor.
1369 2603 1498 2637 Beoeol
1508 2599 1614 2637 1847.

230 2668 294 2703 nb.
312 2668 402 2713 vu,
426 2677 462 2711 p.
479 2665 513 2702 5.
1518 2672 1543 2683 »-
