1792 3095
901 151 959 198 89

236 289 342 323 nunc
368 262 463 320 'loca
494 275 770 326 inveniuntur,
810 287 914 330 quae
945 275 1105 317 nomina
1138 288 1161 316 a
1192 273 1352 331 Pythea
1384 280 1522 318 tenent
1554 291 1618 319 re-

236 357 322 402 lata.
336 350 396 410 ¹).·

265 447 267 449 ·
326 432 413 478 Sed
444 434 547 478 haec
577 434 779 477 sententia
809 446 890 475 non
920 431 1107 489 impedit,
1150 435 1362 489 quominus
1394 434 1618 489 Teutonos,

235 518 383 571 quippe
424 517 703 570 quissmagnus
745 513 921 568 populus
964 518 1123 565 essent,
1163 527 1188 555 a
1230 514 1431 557 littoribus
1470 516 1617 560 Baltici

234 595 355 638 maris
395 592 447 638 ad
478 591 616 636 Albim
656 605 788 650 usque
825 591 1034 635 habitasse
1066 592 1283 635 Dunckero
1318 599 1358 635 et
1389 592 1615 650 Hollwegio

234 670 511 727 auctoribus’)
543 687 764 726 sumamus,
795 675 889 728 quin
922 676 1040 716 etiam
1072 673 1157 716 fieri
1188 676 1332 729 potuit,
1363 680 1406 717 ut
1429 675 1616 728 Teutoni,

234 756 300 810 qui
333 752 492 808 Pythea
530 754 691 797 vivente
721 752 917 797 Balticam
956 765 1066 796 oram
1105 755 1340 797 maritimam
1372 754 1615 807 incolebant,

233 834 527 891 posterioribus
549 833 800 888 temporibus
833 849 856 875 e
887 836 1016 888 patria
1043 833 1294 876 occidentem
1316 848 1462 875 versus
1486 849 1614 889 usque

232 913 285 958 ad
315 913 453 957 Albim
484 912 647 957 fluvium
680 909 1017 967 emigraverint⁸),
1053 912 1095 955 id
1127 911 1236 968 quod
1268 912 1333 954 vel
1364 912 1613 967 probabilius

232 994 276 1037 fit
315 993 607 1046 consideranti,
656 994 865 1036 maximum
905 995 1099 1049 temporis
1139 994 1311 1048 spatium
1352 994 1614 1048 praeteriisse

232 1076 335 1118 inter
364 1073 561 1129 Pytheam
597 1078 637 1115 et
667 1072 841 1116 Plinium
859 1069 909 1127 ⁴).

323 1154 379 1196 At
411 1167 507 1195 vero
540 1165 735 1208 nusquam
770 1150 1085 1195 demonstratum
1116 1154 1312 1204 invenies,
1345 1150 1556 1194 Teutonos
1588 1167 1612 1194 a

231 1233 390 1288 Pythea
421 1234 647 1275 nominatos
676 1247 721 1274 re
742 1246 839 1275 vera
860 1232 916 1275 ad
933 1245 1043 1273 mare
1063 1231 1261 1274 Balticum
1284 1230 1461 1284 sedisse,
1494 1246 1612 1287 quam

231 1312 350 1357 facile
384 1314 486 1355 enim
518 1311 603 1356 fieri
637 1314 779 1368 potuit,
810 1316 854 1354 ut
884 1310 1043 1354 Plinius
1075 1325 1155 1353 non
1186 1316 1299 1355 recte
1319 1310 1519 1366 Pytheam
1550 1313 1612 1353 in-

311 1533 339 1571 1)
364 1531 470 1566 Hane
488 1530 714 1566 sentent-iam
731 1538 824 1574 prae
841 1531 981 1566 ceteris
999 1531 1226 1566 schlozerus
1245 1531 1363 1575 tenet,
1385 1531 1477 1567 haee
1496 1532 1612 1567 verba

230 1600 372 1640 (Forts.
401 1599 468 1632 der
492 1599 581 1641 allg.
601 1598 665 1633 W.
685 1598 728 1632 G.
754 1598 856 1632 XIII.
882 1607 918 1641 p.
936 1595 1214 1638 12421faciens:
1238 1599 1519 1643 Mentonomon,
1546 1599 1611 1633 der

228 1668 342 1703 Name
367 1667 431 1700 der
457 1665 590 1709 Kiiste,
616 1666 759 1700 konnte
783 1666 967 1700 Medenau
992 1665 1072 1700 sein
1100 1667 1174 1700 cet.

308 1734 337 1772 ²)
365 1733 542 1767 Duncker
568 1732 764 1776 (Origines
784 1732 1040 1768 Germanicae.
1067 1729 1344 1767 Berolin11840
1364 1742 1398 1775 p.
1413 1730 1502 1772 103)
1506 1756 1610 1768 .....

228 1800 431 1846 „cimbros
465 1802 503 1834 et
536 1800 731 1835 Teutonos
768 1799 1040 1844 antiquissimis
1075 1799 1303 1842 temporibus
1342 1808 1444 1835 oram
1478 1801 1610 1836 Baltici

228 1867 343 1903 maris
370 1867 416 1902 ab
443 1866 563 1902 Viado
588 1868 696 1901 certe
720 1876 840 1910 usque
865 1868 912 1901 ad
937 1866 1058 1901 Albim
1084 1866 1257 1901 tenuisse
1283 1874 1444 1901 neeesse
1471 1871 1541 1901 est.
1562 1884 1607 1892 —

231 1945 264 1969 v.
290 1934 724 1978 Bethmann-Hollweg:
758 1933 971 1971 Ueberdie
1003 1934 1213 1969 Germanou
1247 1942 1317 1968 vor
1348 1924 1417 1970 der
1443 1934 1607 1971 volker-

229 2002 467 2045 wanderung
490 2011 526 2045 p.
547 1998 604 2037 19.
641 2002 747 2036 Bonn
774 1999 879 2037 1850.

304 2070 335 2108 ³)
361 2069 460 2104 Idem
486 2067 568 2114 jam
601 2069 795 2104 contendit
825 2070 860 2104 J.
887 2067 1087 2104 Grimmius
1122 2068 1374 2109 (Gesobichte
1403 2070 1470 2105 der
1495 2071 1606 2106 deut-

228 2137 341 2172 schen
367 2138 542 2180 suracim.
573 2137 624 2180 11,
649 2133 751 2176 639).

304 2205 337 2242 ⁴)
368 2205 535 2247 Pytheas
568 2204 736 2247 aequalis
768 2203 970 2239 Alexandri
1001 2203 1129 2246 Magni
1161 2202 1280 2238 ruisse
1316 2202 1484 2246 videtum
1522 2213 1606 2240 nam

226 2270 409 2314 Polybius
444 2279 528 2305 eum
561 2270 838 2305 recentioribus
867 2269 1093 2315 geographis
1119 2270 1337 2305 adnumerat
1361 2272 1400 2304 et
1424 2270 1605 2307 Dicaear-

227 2339 319 2372 chus
349 2346 435 2371 eum
469 2337 647 2372 hominem
679 2338 822 2373 nullius
859 2335 946 2372 fidei
978 2336 1157 2372 nominat.
1206 2338 1409 2372 Praeterea
1441 2340 1605 2382 constat,

226 2402 310 2449 ejus
336 2403 461 2439 itineri
492 2404 745 2440 antecessisse
776 2403 911 2440 itinera
942 2404 988 2439 ab
1018 2405 1202 2439 Hannone
1236 2406 1274 2439 et
1300 2403 1508 2439 Himilcone
1534 2413 1604 2440 su-

226 2474 367 2515 scepta.
410 2472 514 2507 Conf.
540 2473 707 2516 Pytheas
731 2472 984 2508 Massiliensis
1027 2480 1122 2516 quae
1153 2473 1361 2514 supersunt
1392 2471 1605 2516 fragmenta

225 2541 283 2573 ed.
307 2540 483 2574 Alfredus
511 2540 704 2574 Schmekel
737 2540 1122 2580 (Sohulnaehrichten
1155 2539 1221 2573 der
1245 2538 1410 2574 Provinz
1434 2540 1604 2575 Sachsen

227 2603 340 2645 1848)
375 2608 415 2641 et
441 2608 557 2653 Fuhr,
581 2608 627 2642 de
652 2608 799 2652 Pythea
822 2607 1054 2644 Massiliensi
1078 2605 1307 2642 dissertatio.
1345 2606 1603 2644 Darmstadiae

226 2669 328 2710 1835.
356 2684 391 2719 p.
413 2672 467 2709 ll.
