1792 3095
895 172 953 217 3⁷

263 311 265 313 ’
327 296 404 344 His
444 311 492 341 ex
531 296 715 343 omnibus
755 294 924 351 prolatis
969 297 1069 337 satis
1103 301 1272 351 apparet
1302 301 1515 353 utrumque
1548 312 1622 354 po-

238 380 375 436 pulum
408 391 488 421 una
521 376 714 425 exducis
743 378 829 418 suis
868 377 1088 429 migrasse,
1121 389 1198 427 una
1233 389 1438 431 pugnasse
1459 373 1519 429 ¹),
1561 381 1621 419 in-

238 458 397 507 terdum,
437 463 571 504 tamen
612 455 675 498 -ad
716 456 884 505 consilia
925 457 1069 500 melius
1112 456 1395 511 persequenda
1436 457 1620 509 sedivi-

237 539 615 592 sissesseriptom
647 548 779 581 rerum
811 539 943 584 autem
976 533 1094 575 modo
1128 535 1234 577 hunc
1264 534 1385 586 modo
1415 536 1522 578 illum
1546 551 1618 593 ap-

237 619 417 673 pellasse
450 630 530 659 non
562 618 808 669 ignorantes,
841 628 981 657 omnes
1004 598 1104 656 satis
1126 599 1404 659 intellecturos
1429 631 1537 669 esse,
1568 617 1619 660 de

237 702 407 753 utroque
438 695 589 751 populo
622 696 698 749 agi.

258 816 260 818 ,
324 776 373 820 In
413 777 487 819 has
527 774 652 821 sedes
699 773 900 824 Teutonis„
937 789 985 817 ex
1023 775 1146 817 rebus
1186 778 1315 829 gestis
1348 776 1617 830 assignandas

237 859 385 913 optime
425 855 642 915 quadrant,
683 868 786 909 quae
826 855 894 896 alii
932 857 1155 909 scriptores
1204 855 1490 911 geographiam
1537 861 1618 898 tra-

238 942 394 980 ctantes
428 935 478 978 de
512 947 648 982 eorum
680 933 827 976 finibus
860 932 1123 976 tradiderunt.
1292 982 1294 984 ¹

325 1015 442 1069 Nam·
464 1017 503 1058 in
534 1013 671 1058 Melae
703 1013 807 1066 loco,
845 1027 962 1068 quem
990 1014 1073 1067 jam
1107 1027 1230 1068 supra
1264 1012 1315 1055 de
1349 1012 1524 1055 Cimbris
1557 1014 1617 1055 lo-

237 1101 354 1138 cutus
386 1095 512 1146 attuli,
537 1093 709 1136 Teutoni
728 1092 888 1142 Juticae
910 1094 1148 1149 peninsulae
1171 1094 1341 1146 incolae,
1366 1093 1615 1137 Cimbrorum

235 1178 355 1219 vicini
387 1176 709 1230 conspiciuntur3
742 1187 819 1216 nec
850 1175 987 1223 minus,
1003 1173 1139 1217 Melae
1161 1173 1297 1226 verba,
1331 1187 1434 1229 quae
1454 1171 1553 1227 (111,
1566 1175 1615 1225 6)

236 1255 287 1297 de
320 1255 514 1299 Teutonis
547 1254 648 1296 solis
680 1253 788 1305 facit,
827 1252 987 1297 dicens:
1036 1252 1114 1305 „In
1145 1253 1213 1295 illo
1247 1255 1352 1305 sinu,
1385 1267 1502 1308 quem
1537 1252 1614 1295 Co-

236 1334 380 1377 danum
414 1334 597 1390 diximus,
630 1347 679 1376 ex
710 1333 854 1375 insulis
883 1331 1170 1385 Scandinonia,
1203 1346 1319 1388 quam
1353 1331 1485 1376 adhuc
1508 1332 1616 1375 Teu-

234 1416 317 1456 toni
349 1418 498 1465 tenent,
534 1418 578 1454 ut
610 1411 853 1459 fecunditate
885 1412 986 1456 alias
1020 1415 1073 1455 ita
1106 1411 1379 1466 magnitudine
1411 1414 1616 1466 antestat’f

235 1492 446 1548 referenda
479 1492 587 1538 haud
620 1492 739 1535 dubie
770 1492 822 1538 ad
852 1491 1001 1535 Jutiam
1034 1506 1130 1534 esse
1161 1498 1257 1547 puto
1279 1489 1322 1544 ⁹).

234 1628 300 1662 sed
329 1626 407 1671 (lib.
420 1628 467 1661 Π.
487 1627 607 1671 c.VI.)
633 1628 740 1662 soIos
758 1627 940 1663 Cimbros.
972 1628 1078 1669 Apud
1097 1626 1312 1661 Frontinum
1331 1627 1615 1671 (strategemat.

233 1685 379 1738 p.'165)
413 1694 573 1737 legitur:
606 1696 773 1740 „bellum
808 1693 1033 1730 Cimbricum
1065 1697 1104 1728 et
1128 1694 1416 1739 Teutonicum‚'’
1449 1697 1503 1737 (p.
1526 1693 1614 1735 192)

232 1761 400 1806 „Marius
427 1762 612 1796 adversus
629 1761 796 1797 Cimbros
823 1762 860 1796 et
876 1762 1128 1805 Theutonos‚”
1154 1759 1309 1804 (p.229)
1336 1761 1476 1805 „victis
1503 1770 1615 1805 proe-

232 1829 284 1863 lio
310 1828 525 1873 Teutonis‚'’
556 1831 616 1872 (p.
638 1827 732 1868 184)
760 1829 977 1873 „Theutono
1003 1828 1253 1871 provocanti”
1286 1829 1471 1869 (Veteres
1502 1829 1547 1863 de
1571 1838 1615 1865 rc

232 1897 381 1932 militari
406 1897 630 1939 Scriptores.
669 1897 847 1932 vesanae
875 1893 1000 1935 1670).

316 1965 345 2003 ¹)
371 1964 469 1997 Idem
496 1963 690 1997 contendit
713 1961 938 2007 Reiskejus,
962 1963 1092 1996 dicens
1120 1961 1290 2002 (Cluver.
1316 1971 1428 2007 geog.
1452 1964 1526 2008 111,
1551 1962 1614 2004 8):

232 2029 394 2075 „Cimbri
421 2033 459 2064 et
484 2031 646 2066 Teutoni
671 2032 717 2066 ab
744 2033 912 2066 extrema
935 2030 1133 2064 Germania
1159 2030 1269 2065 effusi
1295 2031 1485 2074 sociisque
1510 2032 1613 2065 aucti

232 2096 458 2143 nationibus,
483 2097 639 2141 primum
666 2096 824 2133 Galliam
851 2099 928 2133 tum
954 2096 1097 2133 Italiam
1123 2097 1355 2140 irruperunt.
1385 2095 1611 2133 Conficiuv.

233 2167 358 2202 Germ.
385 2168 460 2201 ant.
486 2166 540 2210 11,
563 2163 619 2202 13.

311 2233 341 2272 ³)
373 2233 477 2274 Quae
502 2232 690 2268 sententia
716 2232 802 2268 voci
831 2232 997 2278 „sinus”
1030 2232 1080 2267 sit
1114 2229 1369 2278 subjicienda,
1401 2241 1518 2277 supra
1543 2242 1611 2269 an-

234 2299 361 2336 notavi
369 2310 382 2343 ;
415 2300 524 2335 etiam
550 2310 625 2336 non
649 2300 777 2335 mirari
802 2310 1023 2345 possumus,
1056 2302 1153 2343 quod
1180 2302 1279 2335 Mela
1303 2302 1371 2335 hoc
1397 2302 1484 2335 loco
1511 2303 1611 2336 'reu-

234 2370 344 2402 tonos
369 2366 530 2402 insulam
556 2368 739 2412 quandam
763 2367 972 2402 incoluisse
1005 2368 1149 2403 narrat.
1199 2369 1292 2402 Nam
1326 2367 1505 2402 credibile
1539 2371 1611 2413 eet,

232 2445 314 2470 eum
338 2435 563 2471 Germaniae
588 2435 937 2477 septentrionalium
962 2435 1157 2478 regionum
1183 2434 1391 2477 imperitum
1416 2434 1549 2480 fuisse,
1573 2437 1610 2470 id

233 2503 331 2546 quod
352 2502 419 2537 tibi
436 2500 666 2545 probabilius
686 2498 728 2537 fit
745 2502 893 2548 sclenti,
918 2503 1095 2539 Adamum
1114 2504 1359 2547 Bremensem,
1386 2501 1611 2545 scriptorem

230 2571 329 2605 Mela
355 2570 482 2606 multis
510 2569 652 2606 seculis
677 2571 941 2617 recentiorem,
961 2570 1250 2608 Borussicarum
1270 2569 1467 2614 regionum
1492 2571 1611 2607 fuisse

231 2638 285 2672 ita
309 2637 538 2684 imperitum,
564 2642 606 2673 ut
628 2637 867 2675 Gurlandiam
893 2640 930 2674 et
953 2639 1167 2674 Esthoniam
1191 2638 1339 2674 insulas
1365 2639 1609 2675 existimaret.

232 2705 334 2748 Quas
360 2705 541 2751 regiones
567 2706 631 2744 alii
659 2706 729 2742 viri
755 2708 825 2743 hoc
850 2708 997 2746 nomine
1027 2707 1338 2752 „Scandinonia”
1364 2709 1608 2755 comprehen-
