1792 3095
861 164 920 219 Π

197 295 340 350 jores’-’
368 310 465 339 vero
488 296 675 355 Saxones
706 296 905 350 intelligit,
935 310 1041 351 quos
1071 298 1259 350 regiones
1287 312 1312 340 a
1338 298 1579 341 littoralibus

201 372 378 416 Chaucis
416 377 616 419 australes
649 378 751 418 sitas
784 377 966 417 tenuisse
998 381 1119 431 atque
1150 376 1200 418 ab
1233 376 1387 420 Amisia
1419 376 1472 420 ad
1504 377 1578 419 Al-

197 452 280 497 bim
314 467 442 512 usque
472 470 521 500 se
554 456 788 499 extendisse
820 461 946 512 putat.

289 533 455 591 Plurimi
487 534 669 591 denique
706 537 782 577 viri
823 534 954 588 docti,
993 537 1061 590 qui
1082 536 1203 578 hanc
1241 550 1325 579 rem
1362 539 1579 591 tetigerunt

198 620 337 658 nostro
370 621 573 670 tempore,
605 615 682 658 sub
715 630 818 658 voce
838 614 1105 667 „Minores”
1149 631 1221 659 eos
1255 616 1468 669 Chaucos,
1511 619 1577 672 qui

197 696 373 737 minores
404 708 524 748 agros
558 695 835 750 possidebant,
867 696 943 739 sub
976 710 1092 739 voce>
1110 696 1357 750 „majores”
1390 711 1477 748 eos,
1509 699 1576 751 qni

197 774 319 828 agros
340 774 532 816 tenebant
552 775 748 829 majores,
771 790 866 818 esse
887 775 1175 830 intelligendos
1196 776 1457 819 contendunt.
1489 774 1577 817 Sed

199 858 240 894 et
271 853 373 896 haec
394 856 593 897 sententia
618 855 712 896 mihi
735 869 985 910 nequaquam
1009 856 1154 910 placet,
1178 858 1241 897 cui
1265 854 1423 910 quidem
1447 855 1577 897 Zeus-

197 935 283 975 sius
297 929 330 987 ¹)
361 936 600 986 assentitur,
633 931 921 987 Gerlaehius²)
954 941 1087 977 autem
1118 942 1329 990 repugnat.

197 1029 207 1046 f
286 1012 481 1068 Equidem
513 1016 688 1057 minores
711 1014 900 1057 Chaucos
923 1018 1177 1070 originarium
1201 1029 1351 1058 censeo
1373 1016 1578 1071 populum,

197 1092 388 1135 Chaucos
420 1107 517 1137 vero
550 1094 724 1148 majores
757 1095 949 1149 parvulos
981 1098 1085 1137 istos
1108 1096 1294 1151 populos,
1327 1098 1393 1150 qui
1416 1096 1575 1137 vinculo

196 1175 405 1215 societatis
447 1172 618 1228 quodam
660 1188 748 1216 cum
782 1175 932 1230 populo
966 1177 1178 1228 originario
1213 1181 1326 1217 erant
1359 1176 1576 1229 conjuncti,

197 1265 292 1293 esse
324 1252 608 1305 intelligendos
641 1258 751 1307 puto.
804 1253 920 1295 Hanc
952 1256 988 1295 si
1022 1254 1261 1295 divisionem
1282 1254 1334 1295 ad
1355 1254 1578 1307 Borussos,

196 1336 239 1371 ut
271 1331 463 1386 exemplo
486 1331 607 1385 hujus
640 1334 834 1387 temporis
866 1338 969 1385 utar,
1003 1333 1264 1386 adhibuerim,
1299 1347 1371 1375 eos
1403 1348 1576 1376 vocave-

196 1410 267 1449 rim
292 1409 535 1460 „Borussos
556 1412 732 1453 minores
742 1412 761 1427 ”
791 1413 858 1465 qui
881 1411 1002 1453 hodie
1023 1412 1131 1466 apud
1153 1426 1228 1453 nos
1251 1412 1577 1466 „Altpreussen”

193 1490 458 1541 nominantur,
491 1489 794 1532 Rhenolandios
827 1505 938 1542 vero,
964 1490 1224 1543 Westfalios,
1257 1491 1432 1533 Silesios
1465 1498 1576 1534 cete-

193 1580 343 1623 rosque
375 1568 564 1623 populos,
597 1570 664 1624 qui
698 1568 855 1611 demum
888 1576 1033 1625 postea
1055 1572 1222 1626 imperio
1244 1569 1469 1612 Borussico
1503 1570 1575 1612 ob-

194 1643 379 1700 tigerunt,
411 1647 696 1703 appellaverim
730 1648 973 1701 „Borussos
1006 1651 1214 1702 majores”.

284 1725 352 1767 Ad
384 1726 490 1767 hanc
522 1729 760 1769 sententiam
795 1713 1134 1782 comprobandam
1165 1727 1374 1770 videamus
1404 1735 1576 1784 oportet,

193 1818 286 1845 num
318 1806 382 1846 vis
413 1804 643 1858 hujusmodi
678 1806 755 1847 sub
787 1806 957 1848 vocibus
990 1808 1153 1861 „major
1174 1813 1215 1849 et
1235 1809 1392 1849 minor”
1420 1808 1471 1850 ad
1495 1814 1576 1850 ter-

192 1889 326 1924 rarum
366 1884 686 1938 populorumque
725 1886 885 1925 nomina
917 1884 1111 1926 adhibitis
1144 1885 1251 1940 apud
1283 1886 1491 1928 Romanos
1523 1889 1578 1928 sit

194 1960 466 2017 subjicienda;
505 1977 595 2004 nam
636 1964 847 2018 „majores
880 1970 922 2005 et
953 1966 1156 2007 minores”
1196 1965 1396 2007 vocabula
1436 1980 1459 2008 a
1490 1965 1576 2006 Ro-

192 2042 321 2083 manis
355 2040 474 2084 ducta
508 2056 604 2084 esse
636 2041 896 2098 adhibitaque
927 2043 977 2086 ab
1000 2044 1142 2086 iisdem
1165 2044 1216 2087 ad
1238 2048 1416 2087 rationes
1440 2058 1574 2086 earum

192 2123 388 2174 gentium,
436 2121 674 2176 quibuscum
716 2124 765 2164 iis
807 2122 1058 2164 consuetudo
1103 2122 1400 2176 intercedebat,
1442 2121 1573 2164 credi-

192 2197 273 2240 bile
306 2205 381 2243 est.

285 2278 445 2333 Quodsi
477 2294 573 2322 vero
606 2284 837 2324 accuratius
868 2281 1082 2325 verborum
1114 2286 1283 2325 istorum
1315 2281 1576 2338 significatio-

194 2373 284 2401 nem
318 2361 526 2415 exquirere
558 2360 758 2413 volumus,
791 2366 921 2403 terras
943 2361 1148 2404 Romanas
1181 2365 1475 2418 perspiciamus
1503 2378 1572 2403 ne-

196 2451 316 2481 cesse
349 2430 425 2492 est,
458 2453 558 2495 quas
591 2440 709 2483 simili
738 2439 861 2483 inodo
896 2440 1048 2484 divisas
1071 2442 1341 2496 intelligimus.
1389 2440 1456 2483 Ne
1478 2456 1574 2483 vero

274 2556 304 2595 ¹)
330 2553 370 2589 G.
386 2556 522 2590 zeussz
543 2556 614 2591 Die
630 2557 847 2592 Deutsehen
864 2559 937 2592 etc.
962 2566 997 2600 p.
1016 2556 1098 2594 139.
1118 2556 1200 2593 140.
1225 2556 1475 2603 „Geschichte
1500 2557 1575 2593 und

152 2671 157 2674 μ
193 2620 385 2657 Localitit
409 2623 543 2667 zeigen
568 2623 628 2658 die
652 2624 851 2659 westliohe
875 2625 1102 2668 Abtheilung
1126 2625 1185 2660 als
1210 2624 1270 2659 die
1296 2624 1505 2669 grosser02’

275 2688 306 2728 ¹)
332 2691 427 2734 Aug.
452 2692 594 2736 Paifly:
619 2690 1053 2736 Real-Encyelopaedie.
1077 2692 1132 2737 Π,
1157 2702 1192 2736 p.
1209 2689 1294 2728 320.

1285 2775 1309 2810 2
