1792 3095
869 174 932 216 ’48

300 296 564 348 Angrivarios
613 296 732 347 igitur
771 294 964 348 Visurgis
1004 293 1176 334 fluminis
1216 297 1426 348 utramque
1465 295 1590 348 ripam

207 375 429 416 incoluisse
462 379 612 416 certum
648 380 724 426 est,
757 388 967 429 quousque
989 378 1121 415 tamen
1142 385 1281 415 eorum
1300 372 1403 415 fines
1426 377 1591 428 septen-

206 457 375 496 trionem
408 468 556 496 versus
589 456 871 509 pertinuerint,
912 453 1021 496 haud
1061 452 1178 496 facile
1205 458 1276 506 est
1307 451 1429 495 dictu.
1492 452 1591 495 Cre-

207 532 329 576 dibile
361 548 458 576 vero
492 540 575 586 est,
609 536 644 576 si
677 536 930 590 respexeris,
970 536 1009 575 in
1047 534 1112 575 illa
1147 532 1399 588 expeditione
1431 546 1455 575 a
1487 531 1591 573 Ger-

207 616 363 655 manico
395 612 490 656 inde
512 614 561 655 ab
585 615 741 656 Amisia
774 613 827 656 ad
847 614 1053 667 Visurgim
1077 628 1206 669 usque
1228 619 1422 668 suscepta
1444 611 1591 654 nullius

207 694 349 747 proelii
390 708 478 734 cum
520 694 670 748 populo
712 693 884 748 quodam
927 696 1130 735 commissi
1171 695 1410 735 mentionem
1448 687 1592 743 fieris),

208 771 491 814 Germanicum
524 787 597 828 per
628 774 817 815 Chaucos
849 773 1042 815 Romanis
1083 776 1235 815 amicos
1270 787 1365 814 esse
1403 785 1592 827 progres-

207 866 295 892 sum
329 857 449 906 atque
483 853 694 894 confestim
729 868 778 893 cx
809 852 1060 894 Chaucorum
1091 852 1237 893 finibus
1269 857 1415 894 terram
1444 853 1592 903 Angri-

207 933 406 971 variorum
432 934 617 983 intrasse,
647 931 752 972 unde
776 933 978 985 conjicere
999 932 1107 983 licet,
1130 933 1394 984 Angrivarios
1416 930 1591 971 Chaucis

209 1012 397 1051 continuo
437 1010 625 1051 finitimos
666 1010 816 1061 fuisse,
864 1010 906 1051 id
949 1010 1058 1065 quod
1097 1014 1214 1052 etiam
1264 1010 1511 1066 probabilius
1547 1008 1593 1050 fit

207 1092 364 1141 scienti,
395 1089 446 1130 ab
479 1089 620 1131 eodem
654 1089 804 1144 populo
839 1089 891 1130 ad
913 1089 1196 1132 Germanicum
1230 1092 1269 1130 in
1292 1090 1468 1132 Chaucis
1500 1103 1592 1131 v-er-
1630 1119 1632 1121 -

207 1175 339 1210 saturn
372 1170 519 1211 milites
552 1175 796 1223 tempestate
829 1169 987 1210 delatos
1027 1171 1175 1210 multos
1209 1184 1304 1211 esse
1339 1164 1589 1220 reductos').

299 1247 414 1288 Hanc
447 1250 686 1289 sententiam
719 1252 884 1288 auctore
917 1247 1057 1290 Tacito
1100 1248 1264 1290 relatam
1297 1253 1344 1291 et*
1367 1246 1592 1289 Ptolemaei

209 1327 332 1368 verba
373 1327 655 1380 comprobant:
703 1328 890 1379 Καυχῶν
931 1327 981 1369 δὲ
1018 1327 1105 1370 τῶν
1144 1326 1354 1381 μειζόνων
1391 1329 1468 1368 καὶ
1494 1325 1593 1368 τῶν

207 1404 393 1463 Συήβων
415 1402 754 1463 Ἅνγριουοίριοι.
807 1405 918 1446 Nihil
951 1406 1055 1446 enim
1088 1420 1163 1447 nos
1195 1405 1397 1458 admonet,
1428 1410 1474 1447 ut
1505 1405 1591 1447 An-

206 1487 404 1537 grivarios
437 1500 486 1526 ex
517 1485 581 1524 his
614 1484 750 1526 verbis
782 1483 1005 1525 Ptolemaei
1044 1487 1203 1525 nonnisi
1242 1487 1282 1525 in
1321 1484 1484 1527 dextera
1515 1483 1591 1523 Vi-

205 1566 341 1617 surgis
374 1566 459 1618 ripa
482 1578 691 1618 ponamus,
725 1561 831 1618 quod
855 1563 964 1605 multi
987 1566 1210 1618 scriptores
1234 1563 1393 1605 faciunt.
1438 1564 1590 1616 Quam-

206 1656 322 1697 quam
366 1644 468 1684 enim
511 1657 589 1683 non
622 1655 837 1696 negamus,
876 1641 1154 1685 Ptolomaeum
1189 1642 1377 1685 Chaucos
1416 1642 1591 1696 majores

206 1724 310 1762 inter
341 1722 549 1774 Visurgim
589 1727 741 1761 tantum
774 1727 814 1762 et
845 1721 980 1761 Albim
1011 1722 1240 1763 habitantes
1272 1721 1427 1773 facere,
1459 1726 1591 1762 tamen

208 1803 325 1844 etiam
360 1815 463 1856 quos
498 1802 675 1842 nominat
705 1797 932 1857 Σουήβους
972 1815 1051 1842 non
1094 1799 1212 1842 modo
1245 1800 1434 1853 Visurgis
1466 1802 1591 1854 ripam

206 1880 410 1921 dexteram
443 1879 518 1921 sed
542 1882 659 1922 etiam
694 1882 895 1921 sinistram
930 1885 969 1921 et
1001 1880 1066 1920 vel
1099 1882 1224 1935 ripam
1248 1879 1451 1921 dexteram
1474 1878 1591 1920 Albis

206 1965 344 2002 tenere
378 1964 558 2012 constat,
597 1961 848 2013 Angrivariis
883 1964 923 2001 et
954 1958 1162 2000 Bructeris
1196 1964 1236 2001 et
1268 1958 1498 2001 Saxonibus
1531 1960 1591 1998 vi-

208 2042 334 2080 cinos.
400 2037 579 2079 Eandem
612 2038 944 2092 significationem
983 2038 1103 2079 latam
1138 2043 1178 2079 et
1208 2037 1318 2092 apud
1349 2037 1591 2079 Strabonem

207 2118 434 2160 Sues-orum
475 2132 618 2159 nomeu
661 2118 796 2161 habet.
863 2117 1010 2159 Strabo
1053 2119 1157 2159 enim
1198 2117 1263 2158 his
1295 2116 1431 2159 verbis
1468 2119 1592 2159 utitur

209 2199 269 2250 (p.
294 2197 404 2247 290)
445 2199 647 2251 μέγιστον
687 2198 768 2252 μὲν
806 2195 855 2238 τὸ
893 2196 980 2239 τῶν
1011 2195 1225 2253 Σουήβων
1254 2193 1413 2246 ἔθνος·
1456 2195 1592 2253 διήκει

289 2414 318 2452 ¹)
345 2413 455 2447 Multi
487 2413 557 2447 hoc
589 2412 628 2447 in
658 2412 781 2456 capite
804 2413 925 2448 Taciti
956 2413 1129 2448 lacunam
1163 2421 1251 2448 esse
1284 2413 1461 2458 crodunt,
1494 2411 1589 2457 quod

207 2481 329 2514 minus
358 2479 617 2515 necessarium
648 2489 735 2514 esse
760 2484 861 2523 puto.

288 2549 316 2586 ²)
345 2550 438 2582 Ann.
467 2549 532 2594 (ΙΙ,
550 2545 613 2591 24)
641 2549 730 2584 Sola
757 2547 970 2583 Germanici
1002 2548 1163 2584 triremis
1190 2548 1422 2584 chaucorum
1450 2549 1590 2582 terram

207 2614 350 2656 adpulit
375 2638 555 2649 ......
587 2618 728 2650 multos
756 2616 972 2658 Angrivarii
1007 2625 1125 2658 nuper
1157 2616 1196 2650 in
1221 2612 1328 2650 fidem
1354 2614 1501 2656 accepti
1526 2622 1589 2648 re-

208 2683 377 2726 demptos
404 2682 449 2718 ab
474 2682 722 2720 interioribus
747 2682 957 2720 reddidere.
