1792 3095
876 173 934 217 30

212 298 240 336 av
267 293 401 337 Plinio
434 295 777 347 commemoratis,
811 297 961 351 optime
991 294 1209 351 quadrant,
1243 298 1348 351 quae
1376 295 1597 345 iquonu-

212 380 347 417 mento
379 376 598 430 Ancyrano
612 371 643 428 ¹)
680 375 881 429 leguntur.

302 453 348 496 ln
380 455 460 497 hoc
496 457 600 498 enim
633 460 889 498 monumento
923 455 1135 509 Augustus
1159 455 1381 510 gloriatur,
1421 456 1596 498 classem

211 533 435 577 Romanam
468 537 663 590 auspiciis
695 537 784 577 suis
816 537 855 577 in
877 541 1008 577 terras
1039 537 1218 588 venisse,
1241 548 1351 591 quas
1371 535 1597 577 nemoRo-

212 627 418 656 manorum
450 620 543 657 ante
575 615 616 657 id
648 619 808 670 tempus
830 614 988 667 videtin
1020 614 1097 656 sub
1126 614 1205 657 fine
1227 615 1291 656 his
1313 615 1452 657 verbis
1473 628 1594 656 usus:

211 692 477 748 „cimbrique
511 699 550 735 et
573 692 823 746 Char[u]des
859 699 899 735 et
920 693 1149 735 Semnones
1172 696 1212 735 et
1235 693 1416 748 ejusdem
1438 698 1595 734 tractus

210 772 276 813 alii
318 772 609 815 Germanorum
651 773 789 828 populi
830 787 903 828 per
941 773 1100 827 legatos
1141 774 1353 815 amicitiam
1394 786 1523 815 meam
1555 777 1596 814 et

211 852 350 907 populi
381 852 552 895 Romani
584 853 816 907 petierunt-'³

303 932 439 986 Quum
472 946 569 975 vero
603 938 784 985 constet,
824 933 999 975 classem
1030 932 1249 975 Romanam
1282 937 1477 987 regnante
1506 931 1595 974 Au·

210 1015 331 1064 gusto
353 1011 406 1052 ad
427 1011 563 1053 Albim
586 1025 717 1066 usque
739 1013 904 1053 venisse
932 1016 1053 1065 atque
1075 1011 1241 1053 historia
1262 1010 1423 1063 doceat,
1455 1024 1595 1052 omnes

211 1090 387 1144 populos
418 1091 759 1145 septentrionales
792 1092 852 1132 cis
876 1089 1012 1131 Albim
1042 1087 1204 1132 fluvium
1235 1090 1466 1151 habitantes
1499 1103 1595 1131 esse

210 1167 419 1222 subactos,
442 1184 521 1211 nou
543 1169 706 1211 dubium
731 1183 827 1211 esse
850 1172 999 1225 potest,
1017 1171 1112 1224 quin
1131 1170 1280 1223 legatio
1302 1170 1369 1211 illa
1394 1171 1520 1211 missa
1541 1171 1596 1211 sit

209 1261 234 1288 a
266 1249 427 1301 populis
459 1254 572 1290 trans
594 1249 731 1291 Albim
763 1250 943 1303 proxime
968 1247 1219 1300 sedentibus,
1248 1251 1319 1302 -q‘ui
1341 1250 1459 1290 eirciti
1481 1253 1596 1290 erant

210 1331 365 1368 terrore
396 1325 567 1369 Romani
601 1323 860 1380 exercitus').
894 1325 1082 1378 Accedit,
1115 1325 1294 1381 quodxin
1325 1311 1594 1380 illa'regione,

211 1418 327 1457 quam
352 1403 575 1447 Holsatiam
599 1420 705 1447 nunc
726 1410 889 1457 vocant,
912 1403 1143 1447 Cbarudum
1172 1407 1357 1457 nominis,
1384 1407 1451 1460 qui
1474 1406 1594 1447 vicini

210 1481 462 1526 Cimbrorum
490 1487 764 1537 nominantur,
796 1485 970 1538 vestigia
1005 1497 1229 1539 superesse
1259 1479 1501 1538 videntur&

302 1563 420 1616 Quae
453 1578 573 1618 quum
605 1566 659 1605 ita
693 1566 786 1615 sint,
820 1562 1007 1604 Cimbros
1029 1565 1068 1603 iu
1090 1562 1351 1605 Monumento
1375 1564 1592 1617 Ancyrano

211 1648 545 1684 commemoratos
577 1644 618 1683 in
638 1641 748 1684 Jutia
781 1647 920 1683 nostra
952 1641 1115 1683 sedisse
1148 1656 1263 1684 nemo
1294 1657 1375 1683 non
1396 1642 1593 1695 intelligit.

302 1718 426 1774 Quod
457 1720 563 1762 idem
595 1723 712 1762 etiam
736 1718 983 1775 Pomponius
1005 1718 1116 1762 Mela
1139 1719 1402 1775 comprobare
1422 1717 1593 1763 videtur.

209 1797 250 1841 Is
283 1801 386 1841 enim
415 1799 520 1842 ¹haec
554 1799 676 1841 verba
708 1799 824 1842 facit:
872 1798 1008 1853 Super
1039 1798 1174 1840 Albim
1208 1782 1414 1851 Codanus,
1450 1801 1593 1852 ingens

206 1880 342 1931 sinus,
376 1881 531 1933 magnis
565 1881 783 1934 parvisque
814 1878 957 1919 insulis
990 1877 1163 1919 refertus
1196 1883 1275 1920 est.
1298 1908 1309 1921 .
1333 1908 1345 1921 .
1370 1909 1381 1921 .
1413 1875 1460 1920 In
1493 1874 1593 1930 eo‘)

210 1973 261 1982 ...-

289 2018 318 2057 ¹)
344 2018 625 2053 Monumentum
651 2020 896 2061 Ancyranum
922 2018 982 2052 ed.
1007 2019 1042 2053 J.
1060 2017 1246 2053 Franzius
1271 2019 1311 2052 et
1336 2020 1380 2053 A.
1394 2018 1460 2053 W.
1476 2017 1593 2052 zum·

206 2084 320 2127 ptius.
357 2083 525 2119 Berolini
552 2081 658 2119 1845.

286 2153 317 2189 ¹)
345 2150 451 2186 conf.
476 2151 615 2185 Strabo
640 2151 704 2185 lib.
722 2150 804 2184 v11.
830 2159 863 2184 c.
879 2151 928 2184 11.
954 2153 990 2193 s.
1008 2149 1050 2192 1,
1074 2150 1141 2185 ubi
1165 2150 1301 2185 Strabo
1326 2151 1468 2193 narrat,
1492 2146 1593 2184 Cim-

209 2217 299 2251 bros
326 2217 371 2250 ad
390 2219 603 2259 Augustum
629 2216 728 2251 dona
750 2215 902 2251 misisse
927 2216 1098 2262 lebetem,
1124 2216 1187 2260 qui
1211 2217 1308 2259 apud
1333 2224 1400 2251 eos
1425 2213 1594 2251 sacerri-

206 2292 290 2318 mus
306 2283 463 2318 habetur
475 2283 750 2327 amicitiamque
766 2285 805 2318 et
820 2280 1042 2327 injuriarum
1057 2283 1250 2319 illatarum
1263 2283 1409 2319 veniam
1426 2283 1592 2327 petiisse.

285 2353 317 2390 ²)
345 2350 497 2394 Grimm,
525 2350 750 2385 Gescblcbte
774 2352 843 2386 der
864 2352 1068 2386 deutschen
1086 2352 1249 2393 spi-eche
1273 2351 1320 2385 11.
1337 2347 1476 2393 p.633:
1503 2351 1593 2383 Klar

205 2418 298 2452 aber
322 2418 451 2461 fallen,
476 2417 551 2451 und
578 2418 715 2452 darauf
736 2418 881 2452 konnnt
903 2427 946 2452 es
971 2426 1033 2462 sn,
1059 2417 1118 2451 die
1141 2416 1497 2460 nordalbingischen
1514 2417 1592 2450 lla·

206 2485 320 2518 rudes
347 2492 568 2519 zussnmen
595 2484 660 2518 mit
682 2485 754 2520 den
778 2484 981 2521 Holtsaten
1006 2507 1162 2520 .....
1186 2485 1284 2519 such
1309 2484 1404 2527 liegt
1422 2481 1590 2518 Holstein

207 2550 257 2585 im
285 2552 394 2585 osten
421 2552 490 2586 ‹ler
515 2550 716 2586 halbInsel.

287 2619 318 2657 ⁴)
345 2617 435 2652 scil.
460 2619 679 2663 supercilio,
704 2619 752 2654 de
776 2627 850 2663 quo
872 2617 1058 2654 vocabulo
1083 2619 1153 2655 cfr.
1169 2616 1369 2654 Tscbucke
1393 2617 1439 2653 ad
1455 2617 1592 2655 Melam

208 2684 282 2728 111,
303 2683 338 2720 3.
365 2695 399 2728 p.
418 2682 478 2721 99.
