1792 3095
887 144 946 188 26

314 267 379 311 Ac
412 268 580 323 primum
613 265 774 323 quidem
796 265 960 321 Strabo,
992 268 1084 312 loco
1116 282 1240 325 supra
1272 269 1449 327 laudato,
1472 270 1608 315 Chau-

225 361 298 392 cos
338 348 483 390 vicinis
523 360 624 389 usos
664 360 761 389 esse
801 346 975 389 Cimbris
1017 347 1135 401 dicit,
1173 351 1323 403 quippe
1363 363 1473 403 quos
1506 353 1609 394 inter

224 428 444 484 Κίμβρους
484 431 526 469 et
566 423 822 478 Καούλκους
860 428 1049 484 nominet.
1121 428 1257 483 Quum
1296 441 1397 471 vero
1434 434 1608 482 constet,

224 506 467 549 Strabonem
508 505 559 548 de
592 505 808 548 Germania
839 507 1147 560 septentrionali
1179 521 1310 562 pauca
1340 511 1607 553 tantum-sci-

225 588 336 629 visse
384 586 498 640 [nam
541 584 655 628 verbi
703 598 828 628 causa
874 584 1094 641 Luppiam,
1133 585 1342 640 Visurgim
1389 586 1607 630 Amisiam-

224 682 303 723 que
349 665 509 709 flumina
555 667 595 707 in
644 664 750 708 idem
789 679 899 708 mare
941 666 1107 710 influere
1152 665 1250 709 dicit
1270 662 1338 724 ¹)]
1378 666 1606 722 falsamque

223 749 339 788 istam
382 747 645 790 sententiam:
685 768 746 776 --
785 747 918 787 omnia
956 750 1069 789 trans
1110 746 1247 790 Albim
1287 748 1369 789 sita
1406 747 1607 800 incognita

224 821 377 880 esse')
421 848 477 857 --
509 824 715 869 attulisse:
757 823 944 880 equidem
976 827 1016 867 in
1046 825 1125 869 hae
1156 839 1203 869 re
1235 839 1323 874 eum
1356 838 1607 881 nequaquam

223 906 391 947 multum
424 904 575 955 valere,
607 906 675 958 qui
700 903 887 947 Cimbros
909 907 1014 947 inter
1034 904 1221 948 Rhenum
1242 904 1460 959 Albimque
1481 904 1608 946 eollo-

225 979 419 1037 caverit')
452 996 529 1027 nee
563 981 726 1026 dubium
759 996 855 1027 esse
888 997 1053 1036 censeo,
1086 985 1181 1038 quin
1212 988 1356 1038 gentes
1387 985 1488 1026 istas
1510 995 1608 1037 get>-

223 1064 416 1119 graphico
450 1061 591 1104 ordine
623 1062 810 1116 neglecto
844 1065 1152 1107 enumeraverit.
1226 1105 1229 1108 Α

313 1141 456 1196 Itaque
486 1140 698 1185 refellendi
729 1144 755 1184 ii
778 1141 977 1194 videntur,
1001 1145 1066 1197 qui
1089 1141 1305 1185 Strabonis
1328 1143 1609 1186 auctoritatem

224 1223 368 1272 secuti,
402 1219 588 1262 Cimbros
621 1220 671 1262 ab
694 1219 789 1261 Albi
820 1220 941 1262 fluvio
973 1220 1248 1263 occidentales
1270 1219 1446 1272 sedisse,
1480 1219 1608 1264 Cher-

224 1315 514 1355 sonesumque,
545 1314 663 1355 quam
696 1299 846 1343 Strabo
881 1299 1068 1343 Cimbros
1099 1301 1327 1345 incolentes
1359 1300 1500 1354 faeiat,
1531 1315 1610 1342 non

225 1378 525 1433 intelligendam
560 1378 801 1422 Cimbricam
834 1378 1058 1423 Ptolemaei
1082 1378 1384 1423 Chersonesum
1418 1393 1513 1423 esse
1534 1379 1609 1423 sed

224 1459 440 1502 Strabonis
474 1458 777 1501 Chersonesum
813 1457 1053 1502 Cimbricam
1088 1458 1357 1511 contendunt,
1397 1473 1501 1514 quae
1532 1461 1610 1515 sita

224 1541 263 1580 in
283 1536 499 1581 Hollandia
531 1536 835 1592 septentrionali
868 1533 1048 1589 fuerit⁴).
1095 1536 1244 1593 Neque
1267 1540 1398 1582 minus
1422 1538 1608 1583 Clemen-

225 1620 277 1660 tis
294 1615 329 1669 ⁸)
366 1619 568 1659 sententia
599 1615 812 1658 refutanda
845 1621 932 1668 est,
965 1619 1032 1671 qui
1063 1619 1182 1659 nimis
1214 1631 1346 1660 rerum
1378 1621 1608 1662 memoriam

225 1695 434 1741 offendens
467 1697 601 1737 omnia
633 1695 684 1737 de
714 1694 965 1737 Cimbrorum
998 1694 1166 1738 sedibus
1198 1696 1249 1739 ab
1280 1697 1514 1740 auctoribus
1545 1713 1609 1740 re-

225 1778 304 1819 lata
345 1775 398 1818 ad
437 1781 584 1818 terram
626 1776 730 1816 inter
770 1773 958 1817 Rhenum
995 1774 1214 1832 Albimque
1253 1778 1370 1820 sitam
1409 1779 1609 1833 pertinere

224 1855 442 1907 contendit,
476 1856 704 1896 certissima
738 1856 842 1895 enim
874 1860 1109 1908 argumenta
1141 1855 1319 1898 efficiunt
1341 1871 1390 1898 ex
1412 1870 1499 1899 mea
1522 1859 1609 1912 qui-

305 1997 335 2034 ¹)
361 1994 498 2029 strabo
523 1993 587 2028 lib.
600 1994 684 2027 vn.
705 1993 782 2027 c.1.
802 1994 837 2036 s.
851 1991 893 2028 3:
918 1991 977 2028 ἐπὶ
1001 1992 1109 2029 wevra*
1133 1993 1173 2032 δὲ
1199 1994 1247 2041 τῷ
1264 1993 1418 2044 Ἀμασίᾳ
1442 1995 1611 2046 φέρονται

226 2062 419 2112 Βίσουργίς
442 2071 477 2097 τε
501 2058 565 2096 καὶ
587 2062 749 2100 Λουπίας
770 2059 939 2109 ποταμός.

304 2133 336 2170 ²)
362 2131 498 2164 strabo
523 2129 589 2163 lib.
604 2129 689 2163 vll.
716 2130 809 2163 e.11.
829 2131 866 2172 S.
881 2128 923 2163 4:
948 2126 990 2163 τὰ
1015 2127 1054 2164 δὲ
1077 2128 1195 2178 πέραν
1218 2128 1281 2165 τοῦ
1294 2127 1434 2176 ’Ἀλβιος
1456 2127 1497 2166 τὰ
1520 2127 1612 2181 πρός

226 2196 273 2243 τῷ
297 2194 447 2241 ὠκεανῷ
469 2192 697 2229 παντάπασιν
721 2192 879 2241 ἅγνοστα
902 2192 991 2243 ἡμῖν
1015 2196 1118 2231 ἐστιν.

304 2265 337 2303 ³)
362 2263 498 2297 Strabo
523 2261 587 2297 lib.
606 2262 691 2296 vn.
715 2270 748 2296 ο.
764 2262 815 2297 ΙΙ.
838 2264 874 2307 s.
891 2261 934 2297 4:
977 2262 1059 2298 Τῶν
1092 2261 1132 2299 δὲ
1165 2263 1384 2313 Γερμανῶν,
1418 2262 1468 2304 ὥς
1498 2264 1611 2308 εἶπον,

224 2331 259 2367 02
282 2328 352 2378 μὲν
375 2327 611 2380 προσάρκτιοι
641 2328 841 2378 παρήκουσι
864 2328 913 2377 τῷ
938 2328 1095 2376 ὠκεανῷ.
1135 2332 1371 2382 γνωρίζονται
1395 2331 1429 2367 δ’
1446 2327 1516 2366 ἆπό
1541 2330 1611 2366 τῶν

222 2397 380 2444 ἐκβολῶν
407 2395 468 2432 τοῦ
493 2393 621 2440 Ῥήνου
652 2394 821 2442 λαβόντες
849 2393 913 2440 τὴν
945 2394 1061 2443 ἀρχὴν
1087 2397 1196 2446 μέχρι
1218 2396 1278 2432 τοῦ
1295 2396 1443 2443 Ἄλβιος,
1480 2395 1612 2433 τούτων

224 2464 260 2499 δ’
278 2464 345 2499 εἶσὶ
367 2461 642 2513 γνωριμώτατοι
666 2461 910 2510 Σούγαμβροί
931 2474 966 2498 τε
993 2462 1057 2498 καὶ
1079 2465 1257 2512 Κίμβροι,

301 2533 332 2574 ⁴)
357 2532 427 2565 Ubi
451 2530 560 2566 hodie
585 2531 859 2566 Kemmerland.
896 2530 1000 2567 conf.
1026 2531 1180 2567 Neitker
1204 2533 1251 2567 de
1277 2531 1355 2567 situ
1380 2530 1608 2567 Chersonesi

224 2598 446 2633 Cimbricae.
490 2599 577 2640 Ups.
606 2596 711 2633 1797.

303 2667 333 2706 ³)
359 2665 547 2701 clement:
564 2664 632 2700 Die
644 2663 1000 2710 nordgermanische
1009 2665 1128 2703 Welt.
1142 2665 1355 2711 Kopenhag.
1367 2663 1469 2703 1840.
1485 2664 1610 2710 1».295.
