1792 3095
874 144 932 187 18

206 264 370 319 longius
402 277 428 307 a
458 265 672 320 proposito
705 264 955 318 aberremus,
987 267 1130 321 paucis
1161 270 1316 326 tantum
1347 265 1400 309 de
1420 266 1596 310 Graecia

208 349 249 386 et
280 345 382 387 Asia
415 343 638 400 loquemur.
1549 347 1551 349 '

298 428 365 467 Ac
386 427 556 481 primum
579 422 740 481 quidem
762 427 866 468 iuter
887 439 1028 468 omnen
1052 430 1225 478 constat,
1247 427 1448 481 antiquam
1467 426 1596 470 Grae-

209 507 311 547 ciam
333 529 385 540 —
411 507 579 561 patriam
603 504 695 546 dico
714 504 963 548 Graecorum
983 528 1042 539 —-
1059 505 1308 559 „Graeciam
1332 503 1597 561 propriam’'¹)

206 583 361 627 Italiam
383 598 481 626 vero
503 584 819 638 meridionalem,
842 599 921 641 quo
939 584 1088 627 Graeci
1111 585 1417 639 emigraverant,
1438 584 1597 638 „Grae-

209 666 311 706 ciam
353 665 567 717 magnam'’
616 678 712 706 esse
759 666 1016 707 nominatam.
1089 665 1224 717 Quum
1272 678 1371 706 vero
1418 662 1597 717 „magna

208 741 424 795 Graecia’',
461 756 722 799 quamquam,
754 747 799 785 ut
829 741 971 785 Livius
986 738 1053 796 ’),
1083 741 1272 785 ,Iustinus
1287 737 1351 798 ⁸),
1383 742 1546 786 Seneca
1561 738 1596 795 ⁴)

208 825 467 878 apertissime
498 822 790 875 demonstrant,
824 822 933 864 haud
965 836 1129 877 parvam
1159 822 1299 865 ltaliae
1328 828 1482 876 partem
1513 836 1598 864 am-

208 902 341 957 plexa,
372 902 501 945 minor
532 907 667 945 tamen
690 915 808 958 quam
840 900 1050 954 „Graecia
1073 901 1262 957 propria”
1293 900 1426 955 fuerit,
1458 896 1599 944 Sicilia

209 983 344 1023 insula
374 983 479 1024 adeo
511 984 602 1036 ipsa
633 983 690 1022 illi
723 978 973 1034 adjuncta³)‚
1006 982 1234 1035 opinionem
1265 994 1394 1022 meam
1422 985 1599 1022 temera-

209 1063 308 1103 riam
338 1074 419 1102 non
452 1066 564 1116 puto,
597 1058 820 1103 secundum
854 1074 972 1115 quam
1004 1058 1188 1114 „Magna
1221 1058 1423 1102 Graecia''
1454 1073 1599 1102 nomen

209 1139 308 1180 nihil
360 1142 438 1182 nisi
486 1145 634 1182 terram
683 1139 991 1193 significaverit,
1038 1138 1106 1179 ubi
1148 1140 1282 1190 cives,
1330 1152 1379 1180 ex
1425 1138 1600 1181 Graecia

210 1221 376 1274 propria
416 1218 608 1273 profecti,
650 1217 899 1261 babitabant.
964 1216 1081 1259 Hanc
1122 1216 1306 1272 equidem
1346 1220 1600 1271 sententiam,

212 1312 316 1352 quae
346 1296 456 1339 haud
489 1296 610 1339 dubie
643 1299 762 1339 etiam
792 1292 951 1348 Festi⁰)
984 1296 1120 1338 verbis
1154 1297 1457 1351 comprobatur,
1494 1300 1600 1339 omni

212 1376 333 1418 modo
385 1377 453 1418 vel
508 1381 549 1418 et
601 1381 739 1419 contra
781 1375 1007 1431 Josephum
1058 1375 1312 1430 Scaligerum
1336 1372 1380 1430 ⁷)
1429 1381 1469 1418 et
1515 1376 1600 1419 Pli-

292 1523 322 1560 ι)
349 1520 558 1556 cellarius:
585 1520 728 1556 Notitia
752 1520 855 1555 orbis
881 1522 959 1555 ant.
989 1520 1139 1563 Lipsiae
1166 1518 1273 1556 1773.
1296 1522 1387 1555 tom.
1403 1521 1433 1555 Ι.
1457 1531 1492 1563 p.
1510 1518 1599 1555 887:

214 1587 292 1631 „Hi
316 1596 408 1629 prae
434 1586 573 1621 ceteris
593 1584 763 1630 Ἕλληνες
791 1587 964 1631 genuini,
989 1596 1055 1621 seu
1082 1587 1234 1630 proprie
1260 1587 1398 1621 Graeci
1423 1586 1601 1630 adpellati

213 1656 252 1687 et
278 1655 384 1688 terra
408 1662 517 1696 quam
544 1654 736 1695 colebant,
762 1654 897 1687 Hellas
924 1652 1007 1687 sive
1033 1653 1195 1687 Graecia
1222 1652 1383 1695 propria.

291 1720 325 1759 ¹)
352 1719 483 1753 Livius
516 1719 581 1753 lib.
607 1719 753 1763 XXXI,
781 1719 917 1753 mvn.
959 1721 1041 1753 Nec
1072 1719 1265 1754 Tarentini
1297 1720 1425 1763 modo,
1460 1728 1600 1763 oraque

211 1785 279 1820 illa
311 1784 467 1830 Italiae,
499 1794 609 1828 quam
639 1782 821 1830 Majorem
856 1785 1053 1820 Graeciam
1087 1786 1245 1830 vocant,
1285 1787 1329 1820 ut
1361 1785 1526 1829 linguam
1559 1787 1602 1820 ut

211 1862 350 1888 nomen
383 1853 541 1887 secutos
575 1854 780 1889 crederes:
819 1854 885 1887 sed
911 1855 1089 1888 Lucanus
1123 1855 1164 1887 et
1187 1851 1359 1887 Bruttius
1394 1855 1433 1887 et
1457 1852 1601 1887 Samnis

213 1928 237 1954 a
261 1919 369 1954 nobis
395 1920 634 1955 defecerunt.

291 1989 324 2027 ⁸)
349 1987 529 2022 Justinus
554 1986 619 2022 lib.
636 1987 727 2031 XX,
746 1996 779 2021 c.
796 1987 843 2020 11.
868 1986 1119 2029 Metapontini
1145 1996 1292 2030 quoque
1316 1986 1355 2022 in
1382 1988 1518 2030 templo
1536 2011 1546 2021 .
1564 2012 1573 2022 .
1590 2011 1599 2021 .

214 2077 221 2087 .
242 2078 250 2089 .
269 2077 279 2088 .
297 2076 308 2088 .
333 2054 455 2088 omnis
482 2053 550 2088 illa
575 2063 664 2098 pars
691 2053 825 2088 Italiae
853 2050 973 2098 major
999 2053 1162 2088 Graecia
1186 2054 1375 2097 appellata
1400 2056 1473 2089 est.

292 2122 324 2160 4)
351 2123 498 2156 Seneca
522 2122 569 2156 ad
587 2121 756 2156 Heleam
783 2122 895 2155 c.Vl.
920 2122 1055 2155 Totum
1073 2120 1208 2155 ltaliae
1225 2121 1340 2165 latus,
1367 2122 1463 2164 quod
1481 2121 1601 2167 infero

214 2187 309 2222 mari
334 2187 513 2231 adluitur,
537 2184 662 2231 Major
688 2186 851 2222 Graecia
875 2186 957 2221 fuit.

296 2256 327 2292 ⁵)
353 2254 489 2288 strabo
515 2253 577 2288 lib.
595 2254 659 2288 VI.
696 2250 757 2297 τήν
780 2252 946 2300 μεγάλην
965 2251 1121 2289 Ἑλλάδα
1144 2252 1268 2298 ταύτην
1290 2254 1424 2301 ἔλεγον,
1456 2253 1519 2291 καὶ
1541 2252 1603 2300 τῆν
1646 2247 1650 2252 ’

214 2320 396 2356 Σικελίαν.

293 2390 324 2427 ·)
350 2389 505 2432 Festus,
530 2397 561 2422 s,
581 2398 614 2422 v.
630 2389 680 2421 M.
699 2389 763 2423 G.:
789 2386 938 2433 „Major
959 2387 1121 2422 Graecia
1145 2388 1246 2422 dicta
1271 2389 1331 2422 est
1355 2386 1478 2432 ItaIIa,
1504 2390 1604 2435 quoti¹

212 2454 253 2489 in
279 2462 324 2488 ea
346 2455 489 2489 multae
513 2462 746 2499 magnaeque
764 2453 940 2489 civitates
957 2454 1125 2500 fuerunt,
1149 2463 1196 2489 ex
1214 2454 1375 2490 Graecia
1392 2454 1604 2497 profectae”

213 2521 363 2561 (verbis
388 2524 556 2566 „multae
583 2523 839 2565 magnaeque„
863 2531 939 2556 non
965 2522 1078 2557 nimia
1102 2526 1162 2557 est
1190 2522 1248 2556 vis
1275 2522 1506 2562 tribuenda).

295 2590 324 2627 ⁷)
350 2589 490 2631 ,loseph
515 2589 687 2632 Scaliger
711 2590 758 2624 ad
785 2589 939 2623 Festum
965 2598 1000 2631 p.
1016 2587 1082 2624 81:
1119 2587 1409 2634 „Certissimum
1436 2591 1513 2634 eet,
1547 2586 1602 2624 it'a

217 2657 385 2691 vocatam
413 2659 496 2696 (sc.
522 2666 694 2701 magnam
722 2656 944 2696 Graeciam)
969 2665 992 2691 a
1017 2657 1215 2700 Romanis,
1249 2656 1337 2699 quia
1367 2657 1517 2699 propior
1555 2666 1601 2691 ea
