1792 3095
869 171 928 214 29

211 294 327 348 gian-
347 291 617 349 Sueciamque
649 297 690 334 et
721 291 992 344 admontem,
1025 293 1091 347 qui
1124 290 1245 333 hodie
1276 291 1424 334 dicitur
1452 289 1588 345 „Rjo-

211 371 305 414 len''
343 372 408 415 alii
450 372 503 415 ad
531 372 680 415 Jutiam
722 371 954 427 praedicant
993 370 1227 424 referenda,
1267 373 1306 413 in
1339 372 1417 415 hoc
1456 376 1590 413 tamen

212 455 355 495 omnes
375 454 605 495 consentire
626 450 788 504 debent,
818 453 1167 507 „promontorium
1192 449 1470 493 Cimbrorum”
1490 464 1588 492 nus-

212 538 329 587 quam
359 534 437 574 nisi
468 534 509 573 in
529 530 644 573 Jutia.
672 535 809 573 nostra
834 544 930 572 esse
962 529 1190 586 ponendum
1222 535 1450 586 propterea,
1481 528 1589 585 quod

211 614 463 664 „excurrens
485 613 525 653 in
547 612 669 654 maria
691 610 839 663 longeP’
868 609 992 653 verba
1013 612 1222 665 aptissime
1244 624 1333 653 cum
1364 608 1589 663 „Skagen”

211 692 496 745 promontorio,
527 692 567 732 in
599 692 698 733 ista*
709 686 922 745 peninsula
954 692 1047 742 sito,
1080 692 1336 733 conveniunt.

301 768 442 825 ltaque
475 784 524 812 ex
537 768 664 811 vPlinii
696 769 798 812 locis
825 770 1095 823 intelligimus,
1129 769 1315 811 Cimbros
1339 766 1589 823 peninsulam

210 845 383 892 Juticam
423 849 645 892 incoluisse
686 848 858 905 ideoque
894 848 1232 905 septentrionales
1264 850 1421 890 vicinos
1454 846 1590 890 Chau-

214 942 350 971 corum
380 928 530 982 fuisse,
571 931 722 985 quippe
760 942 864 985 quos
895 930 1085 983 regiones
1116 928 1168 970 ad
1201 928 1335 970 Albim
1368 941 1498 983 usque
1529 933 1591 969 te-

212 1009 351 1051 nuisse
382 1022 506 1065 supra
536 1007 770 1052 viderimus.
819 1008 1017 1063 Quamvis
1050 1010 1153 1051 enim
1185 1022 1265 1050 non
1288 1010 1481 1061 nesciam,
1503 1006 1589 1049 Pli-

212 1090 318 1130 nium
352 1093 394 1130 et
422 1087 705 1131 Istaevonibus
719 1084 750 1140 ¹)
784 1088 970 1131 Cimbros
1001 1088 1348 1140 adnumerantem,
1380 1091 1484 1130 inter
1515 1087 1590 1129 Al-

212 1166 293 1209 bim
312 1166 577 1223 Rhenumque
610 1182 682 1210 eos
713 1167 850 1211 facere
879 1167 1121 1220 habitantes,
1153 1174 1285 1211 tamen
1306 1170 1358 1211 iis
1378 1181 1591 1219 assensus,

213 1248 279 1301 qni
300 1260 373 1301 pro
402 1246 609 1299 „Cimbri”
630 1249 830 1302 scriptura
852 1247 956 1289 falsa
976 1246 1225 1299 Sicambros,
1247 1246 1592 1300 „mediterranei”

213 1339 315 1367 voce
345 1324 399 1368 ad
419 1324 658 1368 Hermiones
676 1322 828 1378 relata,
861 1322 1041 1380 legunt')
1073 1326 1178 1368 hanc
1200 1329 1439 1369 sententiam
1463 1339 1591 1368 meam

213 1408 345 1447 teneo.

303 1482 349 1525 In
380 1484 456 1526 has
487 1483 624 1535 sedes,
656 1498 760 1540 quae
791 1483 1060 1540 assignandae
1092 1485 1186 1527 mihi
1208 1484 1394 1528 videntur
1416 1484 1590 1528 Cimbris

294 1685 324 1725 ²)
350 1684 493 1720 Plinius
518 1685 585 1731 lv,
607 1680 656 1721 28
680 1686 863 1721 Proxumo
887 1688 1011 1722 autem
1036 1688 1163 1722 Rheno
1189 1686 1411 1722 Istaevones
1437 1694 1592 1729 quorum

215 1749 374 1794 Cimbri3
399 1744 662 1787 mediterranei
687 1752 909 1788 Hermiones
936 1762 1091 1797 quorum
1118 1754 1244 1789 suevi.

292 1821 324 1859 ¹)
347 1820 508 1862 Spener:
535 1817 709 1855 German.
733 1819 849 1863 antiq.
874 1821 939 1865 lv,
955 1820 984 1854 1.
1013 1820 1201 1856 Cluverus
1227 1821 1401 1855 German.
1426 1820 1503 1854 ant.
1527 1817 1593 1852 111.

214 1895 250 1929 p.
274 1883 356 1921 200.
397 1886 810 1921 KufahlzflesohIehte
844 1887 911 1921 der
944 1889 1158 1924 Deutsehen
1190 1898 1226 1932 p.
1251 1885 1334 1923 168.
1374 1889 1410 1922 J.
1437 1886 1594 1922 Grimm:

216 1953 438 1987 Geschiohte
463 1954 531 1987 der
550 1954 753 1988 deutschen
770 1955 932 1996 sprache
956 1965 990 1997 p.
1005 1952 1096 1990 520:
1122 1955 1306 1999 „proxim
1323 1956 1447 1989 autem
1464 1956 1594 1988 Rheno

215 2020 465 2064 Isoaevo'nes,
502 2029 657 2063 quorum
689 2030 777 2064 pars
812 2020 1016 2064 Sicambri;
1058 2021 1118 2057 die
1154 2022 1418 2066 gewohnnehe
1454 2023 1594 2056 lesart:

217 2096 374 2131 quorum
398 2096 487 2130 pars
504 2087 638 2123 Cimbri
665 2090 874 2132 entsprang
899 2089 1012 2123 durch
1034 2089 1326 2132 vereint'achung
1350 2090 1417 2123 des
1441 2088 1593 2130 doppelt

216 2163 267 2188 zu
292 2154 473 2189 lesenden
498 2157 542 2199 ⁸,
574 2155 728 2190 worau!
754 2154 820 2190 d‘as
853 2155 1027 2200 folgende
1061 2155 1080 2188 I
1112 2155 1248 2200 getilgt
1278 2156 1352 2190 und
1383 2155 1524 2190 cambri
1554 2154 1593 2189 in

216 2220 354 2255 Cimbri
386 2221 571 2265 gerudert
602 2222 747 2257 wurde.
787 2223 885 2257 denn
918 2223 1014 2257 auch
1049 2222 1107 2257 bei
1131 2222 1272 2258 Caesar
1296 2219 1339 2268 6,
1362 2218 1410 2257 35
1443 2222 1595 2257 werden

218 2288 399 2327 Sicambri
416 2289 660 2324 bezeichnet:
682 2288 746 2333 qui
763 2292 855 2324 sunt
870 2289 1028 2333 proximi
1044 2291 1209 2325 Rheno.'’
1232 2290 1467 2334 Adelungtus
1484 2290 1594 2329 (Ael-

217 2357 317 2390 teste
343 2355 569 2390 Gesohiohte
594 2365 630 2399 p.
650 2353 720 2391 241
747 2357 786 2390 et
808 2352 900 2396 381)
926 2357 1117 2400 vulgatam
1142 2357 1371 2401 scripturam
1395 2356 1595 2390 defendens

218 2424 447 2460 sumendum*
469 2432 557 2459 esse
581 2426 734 2471 censet,
766 2422 996 2461 Cimbrorum
1028 2433 1164 2461 nomen
1189 2424 1430 2461 collectivum
1454 2423 1594 2457 multo·

217 2492 427 2534 ampiexum
444 2494 536 2526 esse
549 2492 723 2537 populos,
748 2500 844 2535 quos
870 2492 1188 2538 „unsuevlsche”
1212 2492 1387 2528 nominat.
1419 2490 1490 2524 Sed
1510 2488 1596 2524 huic

218 2558 429 2594 sententiae
453 2568 530 2595 non
554 2557 672 2602 magis
696 2558 884 2595 assentire
909 2569 1017 2603 quam
1045 2559 1209 2603 opinioni
1224 2557 1413 2594 Mannerti
1430 2566 1596 2601 possum,

218 2625 281 2668 qui
306 2625 344 2660 in
369 2626 467 2662 libro
491 2635 581 2662 suo:
608 2626 953 2662 Germanien·nach
972 2627 1053 2662 dem
1071 2625 1215 2670 negriff
1234 2627 1303 2661 der
1320 2626 1503 2661 Griechen
1520 2624 1596 2658 und

218 2693 368 2728 Bomer.
393 2692 535 2730 Niirnb.
554 2690 659 2730 1792.
682 2690 806 2738 p.324
837 2703 1024 2739 nunquam
1048 2692 1219 2730 Cimbros
1244 2693 1367 2731 fuisse
1391 2690 1597 2729 contendit.
