1792 3095
882 196 984 237 4⁴3<

226 316 455 362 nationibus
488 318 609 359 cincti
640 330 720 359 uon
751 330 826 373 per
857 315 1116 372 obsequium,
1155 316 1231 359 sed
1262 318 1428 373 proeliis
1461 322 1502 359 et
1532 332 1603 373 pe-

226 396 448 446 riclitando·
469 400 543 442 tuti
575 401 684 442 suut.
745 396 948 454 Reudigni
982 395 1129 441 deiude
1161 401 1202 440 et
1232 397 1415 441 Aviones
1448 428 1603 443 ......

226 479 506 530 mutantur?
525 483 670 520 -tameu
702 491 815 530 vero,
846 492 966 533 quum
998 492 1070 520 eas
1103 482 1256 519 tautum
1288 478 1411 520 sedes
1439 477 1601 532 Lango-

226 559 461 611 bardorum,
496 560 655 613 qaasii
687 560 814 614 primo
846 558 1012 601 saeculo
1044 572 1083 613 p.
1105 557 1150 601 C.
1173 572 1210 599 n.
1245 557 1448 610 tenebant,
1480 573 1601 614 oper-

225 644 308 682 teat
340 640 653 691 constituamus,
689 650 804 694 spem
838 636 1021 694 equidem
1055 639 1321 681 certissimam
1355 636 1485 680 babeo
1518 637 1604 680 fore

225 720 276 760 ut'
299 719 406 761 hunc
437 717 628 772 populum
660 720 700 759 in
722 720 809 772 ripa
831 717 949 759 Albis
972 716 1211 758 occidentali
1232 716 1441 759 sedentem
1466 716 1601 759 Chau-

226 799 288 841 cis
321 796 516 842 confinem
548 795 678 839 fuisse
709 811 759 841 ex
790 797 1022 840 auctoribus
1054 796 1339 842 demonstrem.

315 878 380 922 Ac
401 879 569 933 primum
590 876 750 933 quidem
772 878 852 920 illis
873 878 1161 920 valentissimis
1182 877 1427 930 nationibus,
1457 878 1602 933 quibus

223 957 516 1012 Langobardos
557 959 716 999 cinctos
748 957 915 1000 Tacitus
956 958 1046 999 loco
1087 972 1212 1013 supra
1251 956 1413 1000 laudato
1453 963 1602 1009 narrat,

225 1037 411 1079 Chaucos
452 1036 736 1080 adnumeratus
769 1052 864 1080 esse
896 1037 1061 1080 historia
1095 1038 1235 1090 docet3
1275 1051 1448 1093 namque
1480 1043 1521 1079 et
1553 1051 1602 1078 ex

223 1117 421 1160 annalium
454 1116 554 1159 libre
587 1115 659 1170 (ΙΙ,
684 1116 886 1170 44-46)
919 1117 985 1159 ubi
1018 1131 1150 1173 pugna
1179 1120 1287 1160 inter
1318 1117 1601 1160 Germanicum

225 1202 265 1239 et
294 1197 587 1240 Maraboduum
629 1199 846 1242 commissa
885 1197 1054 1240 traditur
1093 1203 1132 1239 et
1172 1198 1273 1240 libro
1306 1197 1407 1252 (XI.
1443 1196 1527 1251 17)
1559 1200 1601 1238 iu

225 1291 302 1332 quo
324 1277 493 1320 Tacitus
525 1290 600 1319 nes
620 1275 817 1329 Italicum,
850 1277 1147 1320 Cheruscorum
1180 1292 1331 1332 regem,
1361 1277 1414 1319 ad
1439 1277 1601 1333 Lango-

224 1356 375 1398 bardos
407 1356 563 1411 fugisse
595 1357 817 1412 horumque
848 1358 993 1399 auxilio
1028 1371 1122 1399 esse
1154 1360 1382 1401 restitutum
1405 1361 1600 1400 certiores

224 1436 332 1489 facit,
356 1436 652 1491 Langobardos
672 1437 892 1480 Cheruscis
917 1439 1074 1479 vicinos
1106 1437 1235 1479 fuisse
1259 1439 1426 1493 intelligi
1448 1444 1598 1495 potest.

315 1513 448 1570 Quum
481 1518 600 1570 igitur
631 1521 782 1558 certum
815 1518 881 1569 sit,
912 1516 1269 1572 Langobardorum
1290 1517 1392 1560 fines
1418 1517 1470 1560 ad
1493 1519 1599 1561 Che-

223 1609 368 1638 ruscos
407 1595 619 1651 usquead
652 1598 844 1638 orientem
876 1610 1022 1638 versus
1054 1596 1183 1639 fuisse
1215 1603 1448 1652 porrectos,
1488 1603 1599 1653 puto,

223 1689 296 1730 per
327 1676 527 1716 nationem
559 1675 887 1727 valentissimam,
924 1675 974 1716 ad
1008 1689 1124 1730 quam
1159 1689 1288 1731 usque
1320 1682 1486 1718 auctore
1519 1676 1599 1718 Ta-

223 1756 302 1796 cito
337 1753 519 1809 ejusdem
553 1755 692 1813 populi
730 1754 833 1796 fines
865 1753 917 1797 ad
949 1758 1265 1810 septentrionem
1297 1770 1445 1799 versus
1477 1758 1598 1811 perti-

223 1835 393 1887 nuerint,
426 1847 521 1878 esse
552 1833 850 1889 intelligendam
875 1834 1127 1878 Chaucorum
1159 1841 1333 1890 gentem.
1384 1835 1472 1879 Hoc
1494 1835 1598 1879 idem

224 1917 340 1957 etiam
357 1914 545 1968 Vellejus
567 1920 607 1956 et
627 1914 888 1956 Ptolemaeus
914 1914 1177 1969 comprobare
1199 1915 1399 1967 videntur,
1431 1930 1598 1971 quorum

221 1994 302 2046 ille,
324 1998 535 2049 postquam
558 1991 630 2048 (Il,
651 1993 756 2045 1⁰6)
775 1993 1028 2036 Chaucorum
1050 1996 1233 2037 nationes
1255 2000 1444 2050 receptas
1467 1995 1598 2038 fuisse

223 2075 409 2124 narravit,
442 2073 577 2115 verbis
611 2075 798 2114 continuo
821 2072 960 2116 factis:
992 2072 1162 2125 „Fracti
1183 2072 1459 2127 Langobardi3
1494 2088 1597 2127 gens

223 2155 340 2195 etiam
372 2151 613 2195 Germaniae
651 2151 810 2194 feritate
841 2150 1040 2193 ferocior’'
1073 2152 1269 2205 classem,
1310 2152 1405 2194 Albi
1436 2152 1598 2194 flumine

221 2232 477 2284 subvectam,
510 2233 700 2274 exercitui
733 2232 977 2287 Caesarique
1010 2245 1057 2273 se
1083 2233 1270 2287 junxisse
1301 2231 1457 2287 adjicit3
1497 2232 1599 2274 Pto-

221 2313 400 2355 lemaeus
432 2324 528 2353 vero
563 2311 627 2353 his
660 2310 795 2354 verbis
830 2313 970 2354 utitur:
1002 2311 1192 2366 Καυχῶν
1213 2311 1264 2356 δὲ
1282 2311 1369 2355 τῶν
1388 2310 1599 2368 μειζόνων

222 2394 296 2434 καὶ
326 2390 413 2435 τῶν
443 2389 628 2449 Συήβων
650 2387 977 2450 Ἀνγριουάριοι
1008 2386 1144 2446 εἴη’)
1175 2386 1550 2447 Λακκοβάρδοι”).

301 2527 331 2565 ²)
356 2524 538 2559 Reiohard
572 2524 723 2565 (Germ.
748 2534 782 2567 p.
807 2521 881 2564 68)
913 2525 1068 2567 propter
1100 2525 1169 2559 hoc
1200 2524 1421 2558 vocabulum
1448 2526 1598 2568 Laugo-

221 2593 358 2627 bardos
384 2593 430 2628 ab
457 2591 656 2627 occidente
677 2591 913 2636 Angrivariis
939 2589 1116 2627 finitimos
1140 2590 1368 2626 habitavisse
1393 2594 1509 2636 negat
1531 2593 1596 2626 sed

220 2657 360 2703 injuria
390 2659 535 2702 opinor.

299 2726 330 2765 =)
358 2726 471 2761 Plane
494 2725 723 2769 repudianda
747 2724 902 2762 Cluveri
933 2723 1123 2760 sententia
1155 2726 1234 2770 eut,
1268 2724 1332 2768 qui
1364 2727 1418 2767 (p.
1437 2721 1504 2765 55)
1531 2734 1598 2768 pro

220 2792 475 2844 Λακκοβαρδοι
502 2802 595 2829 voce
619 2797 851 2845 Αμψιβαριοι
875 2793 1099 2831 vocabulum
1123 2791 1360 2830 scribendum
1385 2795 1530 2830 censet.
