<?xml version="1.0" encoding="UTF-8"?>
<!DOCTYPE html PUBLIC "-//W3C//DTD XHTML 1.0 Transitional//EN"
    "http://www.w3.org/TR/xhtml1/DTD/xhtml1-transitional.dtd">
<html xmlns="http://www.w3.org/1999/xhtml" xml:lang="en" lang="en">
 <head>
  <title>
</title>
<meta http-equiv="Content-Type" content="text/html;charset=utf-8" />
  <meta name='ocr-system' content='tesseract 3.04.00' />
  <meta name='ocr-capabilities' content='ocr_page ocr_carea ocr_par ocr_line ocrx_word'/>
</head>
<body>
  <div class='ocr_page' id='page_1' title='image "4737213_0048.png"; bbox 0 0 1792 3095; ppageno 0'>
   <div class='ocr_carea' id='block_1_1' title="bbox 872 176 928 220">
    <p class='ocr_par' dir='ltr' id='par_1_1' title="bbox 872 176 928 220">
     <span class='ocr_line' id='line_1_1' title="bbox 872 176 928 220; baseline 0 0"><span class='ocrx_word' id='word_1_1' title='bbox 872 176 928 220; x_wconf 78' lang='lat'><strong>⁴2</strong></span> 
     </span>
    </p>
   </div>
   <div class='ocr_carea' id='block_1_2' title="bbox 797 233 1011 245">
    <p class='ocr_par' dir='ltr' id='par_1_2' title="bbox 797 233 1011 245">
     <span class='ocr_line' id='line_1_2' title="bbox 797 233 1011 245; baseline 0 0"><span class='ocrx_word' id='word_1_2' title='bbox 797 233 1011 245; x_wconf 95' lang='lat' dir='ltr'><strong> </strong></span> 
     </span>
    </p>
   </div>
   <div class='ocr_carea' id='block_1_3' title="bbox 196 296 1592 1869">
    <p class='ocr_par' dir='ltr' id='par_1_3' title="bbox 196 296 1592 1390">
     <span class='ocr_line' id='line_1_3' title="bbox 208 296 1592 354; baseline 0.001 -13"><span class='ocrx_word' id='word_1_3' title='bbox 208 297 418 341; x_wconf 82' lang='lat' dir='ltr'><strong>Teutonos</strong></span> <span class='ocrx_word' id='word_1_4' title='bbox 440 296 699 339; x_wconf 78' lang='lat' dir='ltr'><strong>Chaucorum</strong></span> <span class='ocrx_word' id='word_1_5' title='bbox 722 298 880 340; x_wconf 77' lang='lat' dir='ltr'><strong>vicinos</strong></span> <span class='ocrx_word' id='word_1_6' title='bbox 911 297 1042 341; x_wconf 80' lang='lat' dir='ltr'><strong>fuisse</strong></span> <span class='ocrx_word' id='word_1_7' title='bbox 1074 302 1246 350; x_wconf 83' lang='lat' dir='ltr'><strong>constet,</strong></span> <span class='ocrx_word' id='word_1_8' title='bbox 1280 298 1323 342; x_wconf 87' lang='lat' dir='ltr'><strong>id</strong></span> <span class='ocrx_word' id='word_1_9' title='bbox 1345 299 1592 354; x_wconf 75' lang='lat' dir='ltr'><strong>quodetiam</strong></span> 
     </span>
     <span class='ocr_line' id='line_1_4' title="bbox 208 375 1590 432; baseline 0.004 -14"><span class='ocrx_word' id='word_1_10' title='bbox 208 377 428 419; x_wconf 83' lang='lat' dir='ltr'><strong>Grimmius</strong></span> <span class='ocrx_word' id='word_1_11' title='bbox 459 376 653 429; x_wconf 85' lang='lat' dir='ltr'><strong>affirmat,</strong></span> <span class='ocrx_word' id='word_1_12' title='bbox 692 378 758 432; x_wconf 90' lang='lat' dir='ltr'><strong>qui</strong></span> <span class='ocrx_word' id='word_1_13' title='bbox 790 389 871 418; x_wconf 92' lang='lat' dir='ltr'><strong>non</strong></span> <span class='ocrx_word' id='word_1_14' title='bbox 902 375 1023 420; x_wconf 83' lang='lat' dir='ltr'><strong>modo</strong></span> <span class='ocrx_word' id='word_1_15' title='bbox 1053 376 1287 423; x_wconf 71' lang='lat' dir='ltr'><strong>Ditmarsos</strong></span> <span class='ocrx_word' id='word_1_16' title='bbox 1319 376 1590 424; x_wconf 74' lang='lat' dir='ltr'><strong>Teutonorum</strong></span> 
     </span>
     <span class='ocr_line' id='line_1_5' title="bbox 207 456 1590 513; baseline 0.004 -15"><span class='ocrx_word' id='word_1_17' title='bbox 207 459 441 513; x_wconf 80' lang='lat' dir='ltr'><strong>progeniem</strong></span> <span class='ocrx_word' id='word_1_18' title='bbox 475 471 569 499; x_wconf 77' lang='lat' dir='ltr'><strong>esse</strong></span> <span class='ocrx_word' id='word_1_19' title='bbox 601 456 677 499; x_wconf 84' lang='lat' dir='ltr'><strong>sed</strong></span> <span class='ocrx_word' id='word_1_20' title='bbox 710 458 828 498; x_wconf 85' lang='lat' dir='ltr'><strong>etiam</strong></span> <span class='ocrx_word' id='word_1_21' title='bbox 851 457 1061 500; x_wconf 81' lang='lat' dir='ltr'><strong>Teutonas</strong></span> <span class='ocrx_word' id='word_1_22' title='bbox 1085 457 1336 503; x_wconf 77' lang='lat' dir='ltr'>Cimbrorum</span> <span class='ocrx_word' id='word_1_23' title='bbox 1363 460 1520 505; x_wconf 71' lang='lat' dir='ltr'><strong>vicinos</strong></span> <span class='ocrx_word' id='word_1_24' title='bbox 1551 461 1590 507; x_wconf 78' lang='lat' dir='ltr'><strong>in</strong></span> 
     </span>
     <span class='ocr_line' id='line_1_6' title="bbox 205 532 1592 588; baseline 0 -8"><span class='ocrx_word' id='word_1_25' title='bbox 205 535 315 581; x_wconf 87' lang='lat' dir='ltr'><strong>Jutia</strong></span> <span class='ocrx_word' id='word_1_26' title='bbox 347 534 557 579; x_wconf 74' lang='lat' dir='ltr'><strong>habitasse</strong></span> <span class='ocrx_word' id='word_1_27' title='bbox 588 534 798 578; x_wconf 86' lang='lat' dir='ltr'><strong>contendit</strong></span> <span class='ocrx_word' id='word_1_28' title='bbox 809 532 841 588; x_wconf 88' lang='lat'><strong>¹)</strong></span> <span class='ocrx_word' id='word_1_29' title='bbox 863 536 1122 584; x_wconf 75' lang='lat' dir='ltr'><strong>falsissimam</strong></span> <span class='ocrx_word' id='word_1_30' title='bbox 1156 543 1269 584; x_wconf 84' lang='lat' dir='ltr'><strong>certe</strong></span> <span class='ocrx_word' id='word_1_31' title='bbox 1288 536 1592 588; x_wconf 76' lang='lat' dir='ltr'><strong>Kufabliisen-</strong></span> 
     </span>
     <span class='ocr_line' id='line_1_7' title="bbox 206 614 1592 672; baseline 0.001 -14"><span class='ocrx_word' id='word_1_32' title='bbox 206 618 369 659; x_wconf 87' lang='lat' dir='ltr'><strong>tentiam</strong></span> <span class='ocrx_word' id='word_1_33' title='bbox 411 629 584 668; x_wconf 80' lang='lat' dir='ltr'><strong>censeo,</strong></span> <span class='ocrx_word' id='word_1_34' title='bbox 635 614 821 657; x_wconf 89' lang='lat' dir='ltr'><strong>Cimbros</strong></span> <span class='ocrx_word' id='word_1_35' title='bbox 864 615 1154 672; x_wconf 82' lang='lat' dir='ltr'><strong>Teutonosque</strong></span> <span class='ocrx_word' id='word_1_36' title='bbox 1199 628 1309 662; x_wconf 77' lang='lat' dir='ltr'><strong>oram</strong></span> <span class='ocrx_word' id='word_1_37' title='bbox 1351 616 1592 663; x_wconf 76' lang='lat' dir='ltr'>Germaniae</span> 
     </span>
     <span class='ocr_line' id='line_1_8' title="bbox 206 678 1590 751; baseline 0 -12"><span class='ocrx_word' id='word_1_38' title='bbox 206 678 563 751; x_wconf 74' lang='lat' dir='ltr'><strong>septentrionalem</strong></span> <span class='ocrx_word' id='word_1_39' title='bbox 603 699 728 738; x_wconf 85' lang='lat' dir='ltr'><strong>totam</strong></span> <span class='ocrx_word' id='word_1_40' title='bbox 760 695 1003 747; x_wconf 78' lang='lat' dir='ltr'><strong>incoluisse3</strong></span> <span class='ocrx_word' id='word_1_41' title='bbox 1042 710 1119 738; x_wconf 88' lang='lat' dir='ltr'><strong>nec</strong></span> <span class='ocrx_word' id='word_1_42' title='bbox 1152 698 1283 739; x_wconf 77' lang='lat' dir='ltr'><strong>minus</strong></span> <span class='ocrx_word' id='word_1_43' title='bbox 1315 711 1449 739; x_wconf 86' lang='lat' dir='ltr'><strong>errare</strong></span> <span class='ocrx_word' id='word_1_44' title='bbox 1480 694 1590 739; x_wconf 84' lang='lat' dir='ltr'><strong>Wil-</strong></span> 
     </span>
     <span class='ocr_line' id='line_1_9' title="bbox 204 773 1589 831; baseline 0.003 -15"><span class='ocrx_word' id='word_1_45' title='bbox 204 775 361 816; x_wconf 87' lang='lat' dir='ltr'><strong>helmus</strong></span> <span class='ocrx_word' id='word_1_46' title='bbox 395 774 567 827; x_wconf 84' lang='lat' dir='ltr'><strong>videtur,</strong></span> <span class='ocrx_word' id='word_1_47' title='bbox 599 776 667 830; x_wconf 90' lang='lat' dir='ltr'><strong>qui</strong></span> <span class='ocrx_word' id='word_1_48' title='bbox 702 774 766 816; x_wconf 89' lang='lat' dir='ltr'><strong>vel</strong></span> <span class='ocrx_word' id='word_1_49' title='bbox 798 776 1017 829; x_wconf 76' lang='lat' dir='ltr'><strong>pugnantia</strong></span> <span class='ocrx_word' id='word_1_50' title='bbox 1049 775 1237 831; x_wconf 81' lang='lat' dir='ltr'><strong>loquitur.</strong></span> <span class='ocrx_word' id='word_1_51' title='bbox 1299 774 1405 820; x_wconf 79' lang='lat' dir='ltr'><strong>Nam</strong></span> <span class='ocrx_word' id='word_1_52' title='bbox 1438 773 1589 820; x_wconf 77' lang='lat' dir='ltr'><strong>Teuto-</strong></span> 
     </span>
     <span class='ocr_line' id='line_1_10' title="bbox 203 839 1589 909; baseline 0.001 -12"><span class='ocrx_word' id='word_1_53' title='bbox 203 869 345 897; x_wconf 85' lang='lat' dir='ltr'>norum</span> <span class='ocrx_word' id='word_1_54' title='bbox 394 869 540 897; x_wconf 86' lang='lat' dir='ltr'><strong>nomen</strong></span> <span class='ocrx_word' id='word_1_55' title='bbox 588 839 772 896; x_wconf 82' lang='lat' dir='ltr'><strong>omnihus</strong></span> <span class='ocrx_word' id='word_1_56' title='bbox 815 853 1107 898; x_wconf 87' lang='lat' dir='ltr'><strong>Germanorum</strong></span> <span class='ocrx_word' id='word_1_57' title='bbox 1147 854 1589 909; x_wconf 77' lang='lat' dir='ltr'><strong>gentibus-commune</strong></span> 
     </span>
     <span class='ocr_line' id='line_1_11' title="bbox 203 932 1589 991; baseline -0.001 -13"><span class='ocrx_word' id='word_1_58' title='bbox 203 935 334 978; x_wconf 78' lang='lat' dir='ltr'><strong>fuisse</strong></span> <span class='ocrx_word' id='word_1_59' title='bbox 376 934 518 977; x_wconf 88' lang='lat' dir='ltr'><strong>dicens</strong></span> <span class='ocrx_word' id='word_1_60' title='bbox 557 934 618 990; x_wconf 91' lang='lat' dir='ltr'><strong>(p.</strong></span> <span class='ocrx_word' id='word_1_61' title='bbox 640 932 720 989; x_wconf 81' lang='lat'><strong>24)</strong></span> <span class='ocrx_word' id='word_1_62' title='bbox 751 948 872 976; x_wconf 88' lang='lat' dir='ltr'><strong>uuum</strong></span> <span class='ocrx_word' id='word_1_63' title='bbox 912 939 1064 977; x_wconf 90' lang='lat' dir='ltr'><strong>tantum</strong></span> <span class='ocrx_word' id='word_1_64' title='bbox 1106 935 1298 991; x_wconf 84' lang='lat' dir='ltr'><strong>populum</strong></span> <span class='ocrx_word' id='word_1_65' title='bbox 1340 934 1483 977; x_wconf 86' lang='lat' dir='ltr'><strong>eodem</strong></span> <span class='ocrx_word' id='word_1_66' title='bbox 1515 949 1589 981; x_wconf 82' lang='lat' dir='ltr'><strong>uo-</strong></span> 
     </span>
     <span class='ocr_line' id='line_1_12' title="bbox 204 1012 1589 1069; baseline 0.001 -12"><span class='ocrx_word' id='word_1_67' title='bbox 204 1017 309 1057; x_wconf 87' lang='lat' dir='ltr'><strong>mine</strong></span> <span class='ocrx_word' id='word_1_68' title='bbox 358 1027 454 1057; x_wconf 78' lang='lat' dir='ltr'><strong>esse</strong></span> <span class='ocrx_word' id='word_1_69' title='bbox 504 1014 841 1069; x_wconf 88' lang='lat' dir='ltr'><strong>comprehensum</strong></span> <span class='ocrx_word' id='word_1_70' title='bbox 886 1018 1051 1056; x_wconf 87' lang='lat' dir='ltr'><strong>annotat</strong></span> <span class='ocrx_word' id='word_1_71' title='bbox 1096 1013 1165 1069; x_wconf 90' lang='lat' dir='ltr'><strong>(p.</strong></span> <span class='ocrx_word' id='word_1_72' title='bbox 1192 1012 1330 1068; x_wconf 85' lang='lat'>178);</span> <span class='ocrx_word' id='word_1_73' title='bbox 1380 1019 1589 1069; x_wconf 81' lang='lat' dir='ltr'><strong>praeterea</strong></span> 
     </span>
     <span class='ocr_line' id='line_1_13' title="bbox 203 1092 1588 1150; baseline -0.001 -13"><span class='ocrx_word' id='word_1_74' title='bbox 203 1094 388 1150; x_wconf 86' lang='lat' dir='ltr'><strong>Pytheae</strong></span> <span class='ocrx_word' id='word_1_75' title='bbox 410 1093 535 1136; x_wconf 89' lang='lat' dir='ltr'><strong>verba</strong></span> <span class='ocrx_word' id='word_1_76' title='bbox 556 1107 581 1135; x_wconf 91' lang='lat' dir='ltr'><strong>a</strong></span> <span class='ocrx_word' id='word_1_77' title='bbox 601 1092 733 1135; x_wconf 81' lang='lat' dir='ltr'>Plinio</span> <span class='ocrx_word' id='word_1_78' title='bbox 757 1093 878 1136; x_wconf 86' lang='lat' dir='ltr'><strong>allata</strong></span> <span class='ocrx_word' id='word_1_79' title='bbox 901 1098 1084 1145; x_wconf 78' lang='lat' dir='ltr'><strong>secutus,</strong></span> <span class='ocrx_word' id='word_1_80' title='bbox 1116 1094 1277 1138; x_wconf 85' lang='lat' dir='ltr'><strong>nonnisi</strong></span> <span class='ocrx_word' id='word_1_81' title='bbox 1298 1095 1421 1137; x_wconf 87' lang='lat' dir='ltr'><strong>maris</strong></span> <span class='ocrx_word' id='word_1_82' title='bbox 1442 1093 1588 1136; x_wconf 79' lang='lat' dir='ltr'><strong>Baitici</strong></span> 
     </span>
     <span class='ocr_line' id='line_1_14' title="bbox 203 1173 1589 1229; baseline -0.002 -12"><span class='ocrx_word' id='word_1_83' title='bbox 203 1179 313 1218; x_wconf 68' lang='lat' dir='ltr'><strong>uram</strong></span> <span class='ocrx_word' id='word_1_84' title='bbox 353 1173 627 1217; x_wconf 83' lang='lat' dir='ltr'><strong>Teutonorum</strong></span> <span class='ocrx_word' id='word_1_85' title='bbox 669 1176 838 1228; x_wconf 89' lang='lat' dir='ltr'><strong>patriam</strong></span> <span class='ocrx_word' id='word_1_86' title='bbox 879 1175 1079 1225; x_wconf 85' lang='lat' dir='ltr'><strong>nominat,</strong></span> <span class='ocrx_word' id='word_1_87' title='bbox 1126 1186 1362 1228; x_wconf 83' lang='lat' dir='ltr'><strong>quamquam</strong></span> <span class='ocrx_word' id='word_1_88' title='bbox 1404 1175 1589 1229; x_wconf 80' lang='lat' dir='ltr'><strong>sequenti</strong></span> 
     </span>
     <span class='ocr_line' id='line_1_15' title="bbox 196 1252 1588 1310; baseline 0.001 -13"><span class='ocrx_word' id='word_1_89' title='bbox 196 1255 280 1310; x_wconf 89' lang='lat' dir='ltr'><strong>jam</strong></span> <span class='ocrx_word' id='word_1_90' title='bbox 315 1256 461 1310; x_wconf 82' lang='lat' dir='ltr'><strong>pagina</strong></span> <span class='ocrx_word' id='word_1_91' title='bbox 493 1252 713 1304; x_wconf 86' lang='lat' dir='ltr'><strong>contendit,</strong></span> <span class='ocrx_word' id='word_1_92' title='bbox 747 1252 915 1296; x_wconf 88' lang='lat' dir='ltr'><strong>eosdem</strong></span> <span class='ocrx_word' id='word_1_93' title='bbox 942 1252 1151 1296; x_wconf 86' lang='lat' dir='ltr'><strong>Teutonos</strong></span> <span class='ocrx_word' id='word_1_94' title='bbox 1182 1254 1342 1297; x_wconf 86' lang='lat' dir='ltr'><strong>nonnisi</strong></span> <span class='ocrx_word' id='word_1_95' title='bbox 1363 1254 1467 1296; x_wconf 89' lang='lat' dir='ltr'><strong>inter</strong></span> <span class='ocrx_word' id='word_1_96' title='bbox 1487 1252 1588 1299; x_wconf 78' lang='lat' dir='ltr'><strong>Via-</strong></span> 
     </span>
     <span class='ocr_line' id='line_1_16' title="bbox 204 1333 798 1390; baseline -0.002 -12"><span class='ocrx_word' id='word_1_97' title='bbox 204 1335 297 1378; x_wconf 91' lang='lat' dir='ltr'><strong>dum</strong></span> <span class='ocrx_word' id='word_1_98' title='bbox 329 1334 546 1390; x_wconf 81' lang='lat' dir='ltr'><strong>Albimque</strong></span> <span class='ocrx_word' id='word_1_99' title='bbox 578 1333 798 1377; x_wconf 84' lang='lat' dir='ltr'><strong>habitasse.</strong></span> 
     </span>
    </p>

    <p class='ocr_par' dir='ltr' id='par_1_4' title="bbox 201 1408 1587 1552">
     <span class='ocr_line' id='line_1_17' title="bbox 294 1408 1587 1467; baseline -0.001 -10"><span class='ocrx_word' id='word_1_100' title='bbox 294 1413 380 1457; x_wconf 85' lang='lat' dir='ltr'><strong>Sed</strong></span> <span class='ocrx_word' id='word_1_101' title='bbox 403 1415 506 1457; x_wconf 90' lang='lat' dir='ltr'><strong>haec</strong></span> <span class='ocrx_word' id='word_1_102' title='bbox 528 1413 748 1464; x_wconf 82' lang='lat' dir='ltr'><strong>hactenus3</strong></span> <span class='ocrx_word' id='word_1_103' title='bbox 771 1426 879 1454; x_wconf 91' lang='lat' dir='ltr'><strong>nunc</strong></span> <span class='ocrx_word' id='word_1_104' title='bbox 895 1411 946 1455; x_wconf 91' lang='lat' dir='ltr'><strong>ad</strong></span> <span class='ocrx_word' id='word_1_105' title='bbox 963 1410 1258 1466; x_wconf 84' lang='lat' dir='ltr'><strong>Langobardos</strong></span> <span class='ocrx_word' id='word_1_106' title='bbox 1268 1408 1302 1467; x_wconf 86' lang='lat'><strong>¹)</strong></span> <span class='ocrx_word' id='word_1_107' title='bbox 1320 1417 1587 1467; x_wconf 88' lang='lat' dir='ltr'><strong>transeamus,</strong></span> 
     </span>
     <span class='ocr_line' id='line_1_18' title="bbox 201 1488 1434 1552; baseline -0.002 -15"><span class='ocrx_word' id='word_1_108' title='bbox 201 1509 304 1552; x_wconf 86' lang='lat' dir='ltr'><strong>quos</strong></span> <span class='ocrx_word' id='word_1_109' title='bbox 339 1494 531 1537; x_wconf 86' lang='lat' dir='ltr'><strong>Chaucos</strong></span> <span class='ocrx_word' id='word_1_110' title='bbox 563 1491 786 1535; x_wconf 85' lang='lat' dir='ltr'><strong>secundum</strong></span> <span class='ocrx_word' id='word_1_111' title='bbox 820 1491 1029 1534; x_wconf 88' lang='lat' dir='ltr'><strong>Teutonos</strong></span> <span class='ocrx_word' id='word_1_112' title='bbox 1061 1493 1248 1546; x_wconf 84' lang='lat' dir='ltr'><strong>attigisse</strong></span> <span class='ocrx_word' id='word_1_113' title='bbox 1279 1488 1434 1547; x_wconf 82' lang='lat' dir='ltr'><strong>puto⁸).</strong></span> 
     </span>
    </p>

    <p class='ocr_par' dir='ltr' id='par_1_5' title="bbox 200 1570 1586 1869">
     <span class='ocr_line' id='line_1_19' title="bbox 295 1570 1585 1629; baseline -0.001 -12"><span class='ocrx_word' id='word_1_114' title='bbox 295 1574 462 1617; x_wconf 84' lang='lat' dir='ltr'><strong>Tacitus</strong></span> <span class='ocrx_word' id='word_1_115' title='bbox 496 1572 655 1629; x_wconf 90' lang='lat' dir='ltr'><strong>quidem</strong></span> <span class='ocrx_word' id='word_1_116' title='bbox 691 1577 843 1615; x_wconf 89' lang='lat' dir='ltr'><strong>certum</strong></span> <span class='ocrx_word' id='word_1_117' title='bbox 871 1570 1072 1627; x_wconf 87' lang='lat' dir='ltr'><strong>quoddam</strong></span> <span class='ocrx_word' id='word_1_118' title='bbox 1095 1570 1146 1614; x_wconf 88' lang='lat' dir='ltr'><strong>de</strong></span> <span class='ocrx_word' id='word_1_119' title='bbox 1166 1571 1246 1614; x_wconf 94' lang='lat' dir='ltr'><strong>hoc</strong></span> <span class='ocrx_word' id='word_1_120' title='bbox 1269 1572 1434 1628; x_wconf 88' lang='lat' dir='ltr'><strong>populo,</strong></span> <span class='ocrx_word' id='word_1_121' title='bbox 1468 1586 1585 1628; x_wconf 90' lang='lat' dir='ltr'><strong>quem</strong></span> 
     </span>
     <span class='ocr_line' id='line_1_20' title="bbox 201 1651 1586 1707; baseline -0.001 -11"><span class='ocrx_word' id='word_1_122' title='bbox 201 1656 360 1696; x_wconf 91' lang='lat' dir='ltr'><strong>omnino</strong></span> <span class='ocrx_word' id='word_1_123' title='bbox 402 1655 646 1707; x_wconf 86' lang='lat' dir='ltr'><strong>saepissime</strong></span> <span class='ocrx_word' id='word_1_124' title='bbox 686 1651 811 1694; x_wconf 86' lang='lat' dir='ltr'><strong>sedes</strong></span> <span class='ocrx_word' id='word_1_125' title='bbox 853 1657 1035 1695; x_wconf 86' lang='lat' dir='ltr'><strong>mutasse</strong></span> <span class='ocrx_word' id='word_1_126' title='bbox 1073 1656 1253 1703; x_wconf 85' lang='lat' dir='ltr'><strong>constat,</strong></span> <span class='ocrx_word' id='word_1_127' title='bbox 1293 1653 1332 1692; x_wconf 89' lang='lat' dir='ltr'><strong>in</strong></span> <span class='ocrx_word' id='word_1_128' title='bbox 1363 1651 1500 1693; x_wconf 84' lang='lat' dir='ltr'><strong>libeno</strong></span> <span class='ocrx_word' id='word_1_129' title='bbox 1535 1652 1586 1694; x_wconf 89' lang='lat' dir='ltr'><strong>de</strong></span> 
     </span>
     <span class='ocr_line' id='line_1_21' title="bbox 201 1729 1585 1790; baseline -0.001 -14"><span class='ocrx_word' id='word_1_130' title='bbox 201 1733 419 1776; x_wconf 84' lang='lat' dir='ltr'><strong>Germania</strong></span> <span class='ocrx_word' id='word_1_131' title='bbox 452 1733 685 1786; x_wconf 89' lang='lat' dir='ltr'><strong>conscripto</strong></span> <span class='ocrx_word' id='word_1_132' title='bbox 723 1744 803 1771; x_wconf 91' lang='lat' dir='ltr'><strong>non</strong></span> <span class='ocrx_word' id='word_1_133' title='bbox 837 1735 981 1775; x_wconf 88' lang='lat' dir='ltr'><strong>narrat.</strong></span> <span class='ocrx_word' id='word_1_134' title='bbox 1030 1729 1218 1784; x_wconf 71' lang='lat' dir='ltr'><strong>„Contra</strong></span> <span class='ocrx_word' id='word_1_135' title='bbox 1248 1729 1585 1790; x_wconf 84' lang='lat' dir='ltr'><strong>Langobardos&#39;’,</strong></span> 
     </span>
     <span class='ocr_line' id='line_1_22' title="bbox 200 1809 1584 1869; baseline 0.001 -15"><span class='ocrx_word' id='word_1_136' title='bbox 200 1815 326 1869; x_wconf 88' lang='lat' dir='ltr'><strong>inquit</strong></span> <span class='ocrx_word' id='word_1_137' title='bbox 348 1813 406 1866; x_wconf 88' lang='lat' dir='ltr'><strong>(c.</strong></span> <span class='ocrx_word' id='word_1_138' title='bbox 417 1810 531 1865; x_wconf 89' lang='lat' dir='ltr'><strong>XL),</strong></span> <span class='ocrx_word' id='word_1_139' title='bbox 558 1813 780 1866; x_wconf 88' lang='lat' dir='ltr'><strong>„paucitas</strong></span> <span class='ocrx_word' id='word_1_140' title='bbox 802 1809 999 1863; x_wconf 87' lang='lat' dir='ltr'><strong>nobilitat,</strong></span> <span class='ocrx_word' id='word_1_141' title='bbox 1021 1811 1204 1866; x_wconf 85' lang='lat' dir='ltr'><strong>plurimis</strong></span> <span class='ocrx_word' id='word_1_142' title='bbox 1225 1825 1274 1854; x_wconf 90' lang='lat' dir='ltr'><strong>ac</strong></span> <span class='ocrx_word' id='word_1_143' title='bbox 1296 1811 1584 1855; x_wconf 86' lang='lat' dir='ltr'><strong>valentissimis</strong></span> 
     </span>
    </p>
   </div>
   <div class='ocr_carea' id='block_1_4' title="bbox 199 1914 490 1924">
    <p class='ocr_par' dir='ltr' id='par_1_6' title="bbox 199 1914 490 1924">
     <span class='ocr_line' id='line_1_23' title="bbox 199 1914 490 1924; baseline 0 0"><span class='ocrx_word' id='word_1_144' title='bbox 199 1914 490 1924; x_wconf 95' lang='lat' dir='ltr'><strong> </strong></span> 
     </span>
    </p>
   </div>
   <div class='ocr_carea' id='block_1_5' title="bbox 279 1961 1583 2010">
    <p class='ocr_par' dir='ltr' id='par_1_7' title="bbox 279 1961 1583 2010">
     <span class='ocr_line' id='line_1_24' title="bbox 279 1961 1583 2010; baseline 0.001 -11"><span class='ocrx_word' id='word_1_145' title='bbox 279 1967 309 2004; x_wconf 87' lang='lat'><strong>²)</strong></span> <span class='ocrx_word' id='word_1_146' title='bbox 336 1963 495 2008; x_wconf 85' lang='lat' dir='ltr'><strong>Grimm,</strong></span> <span class='ocrx_word' id='word_1_147' title='bbox 521 1962 747 1999; x_wconf 78' lang='lat' dir='ltr'><strong>Gesehtehte</strong></span> <span class='ocrx_word' id='word_1_148' title='bbox 771 1972 806 2006; x_wconf 81' lang='lat' dir='ltr'><strong>p.</strong></span> <span class='ocrx_word' id='word_1_149' title='bbox 831 1961 916 1999; x_wconf 82' lang='grc'><strong>639.</strong></span> <span class='ocrx_word' id='word_1_150' title='bbox 959 1964 1123 1999; x_wconf 80' lang='lat' dir='ltr'><strong>Eandem</strong></span> <span class='ocrx_word' id='word_1_151' title='bbox 1149 1962 1371 1999; x_wconf 81' lang='lat' dir='ltr'><strong>sententiam</strong></span> <span class='ocrx_word' id='word_1_152' title='bbox 1391 1962 1470 2010; x_wconf 86' lang='lat' dir='ltr'><strong>jam</strong></span> <span class='ocrx_word' id='word_1_153' title='bbox 1496 1963 1583 2000; x_wconf 83' lang='lat' dir='ltr'><strong>Cel-</strong></span> 
     </span>
    </p>
   </div>
   <div class='ocr_carea' id='block_1_6' title="bbox 197 2028 1583 2144">
    <p class='ocr_par' dir='ltr' id='par_1_8' title="bbox 197 2028 1583 2144">
     <span class='ocr_line' id='line_1_25' title="bbox 197 2028 978 2075; baseline -0.005 -7"><span class='ocrx_word' id='word_1_154' title='bbox 197 2031 316 2068; x_wconf 86' lang='lat' dir='ltr'><strong>larius</strong></span> <span class='ocrx_word' id='word_1_155' title='bbox 342 2030 513 2075; x_wconf 82' lang='lat' dir='ltr'><strong>protulit.</strong></span> <span class='ocrx_word' id='word_1_156' title='bbox 554 2032 657 2066; x_wconf 75' lang='lat' dir='ltr'><strong>Tom.</strong></span> <span class='ocrx_word' id='word_1_157' title='bbox 676 2032 725 2065; x_wconf 88' lang='lat'><strong>11.</strong></span> <span class='ocrx_word' id='word_1_158' title='bbox 751 2031 873 2073; x_wconf 81' lang='lat' dir='ltr'><strong>suppl.</strong></span> <span class='ocrx_word' id='word_1_159' title='bbox 891 2041 926 2073; x_wconf 86' lang='lat' dir='ltr'><strong>p.</strong></span> <span class='ocrx_word' id='word_1_160' title='bbox 943 2028 978 2064; x_wconf 85' lang='lat'><strong>5.</strong></span> 
     </span>
     <span class='ocr_line' id='line_1_26' title="bbox 276 2094 1583 2144; baseline 0.001 -11"><span class='ocrx_word' id='word_1_161' title='bbox 276 2102 307 2138; x_wconf 84' lang='lat'><strong>¹)</strong></span> <span class='ocrx_word' id='word_1_162' title='bbox 340 2097 596 2142; x_wconf 79' lang='lat' dir='ltr'><strong>Langobardi,</strong></span> <span class='ocrx_word' id='word_1_163' title='bbox 629 2097 746 2131; x_wconf 79' lang='lat' dir='ltr'><strong>Tacit.</strong></span> <span class='ocrx_word' id='word_1_164' title='bbox 781 2096 888 2139; x_wconf 88' lang='lat' dir='ltr'><strong>(ann.</strong></span> <span class='ocrx_word' id='word_1_165' title='bbox 912 2097 969 2140; x_wconf 89' lang='lat'><strong>11,</strong></span> <span class='ocrx_word' id='word_1_166' title='bbox 994 2094 1064 2139; x_wconf 77' lang='lat'><strong>453</strong></span> <span class='ocrx_word' id='word_1_167' title='bbox 1095 2097 1170 2141; x_wconf 87' lang='lat' dir='ltr'><strong>XI,</strong></span> <span class='ocrx_word' id='word_1_168' title='bbox 1197 2095 1264 2139; x_wconf 71' lang='lat'><strong>173</strong></span> <span class='ocrx_word' id='word_1_169' title='bbox 1297 2098 1422 2132; x_wconf 79' lang='lat' dir='ltr'><strong>Germ.</strong></span> <span class='ocrx_word' id='word_1_170' title='bbox 1448 2107 1482 2133; x_wconf 85' lang='lat' dir='ltr'><strong>e.</strong></span> <span class='ocrx_word' id='word_1_171' title='bbox 1506 2097 1583 2144; x_wconf 72' lang='lat'><strong>40),</strong></span> 
     </span>
    </p>
   </div>
   <div class='ocr_carea' id='block_1_7' title="bbox 155 2160 1582 2744">
    <p class='ocr_par' dir='ltr' id='par_1_9' title="bbox 155 2160 1582 2350">
     <span class='ocr_line' id='line_1_27' title="bbox 198 2160 1581 2213; baseline 0 -12"><span class='ocrx_word' id='word_1_172' title='bbox 198 2163 372 2210; x_wconf 78' lang='lat' dir='ltr'><strong>Vellejus</strong></span> <span class='ocrx_word' id='word_1_173' title='bbox 388 2165 616 2200; x_wconf 72' lang='lat' dir='ltr'><strong>paterculus</strong></span> <span class='ocrx_word' id='word_1_174' title='bbox 633 2164 682 2208; x_wconf 88' lang='grc' dir='ltr'><strong>ΙΙ,</strong></span> <span class='ocrx_word' id='word_1_175' title='bbox 698 2160 789 2206; x_wconf 74' lang='lat'><strong>1063</strong></span> <span class='ocrx_word' id='word_1_176' title='bbox 814 2167 1072 2213; x_wconf 75' lang='grc' dir='ltr'><em>Λαγκοσαργοι</em></span> <span class='ocrx_word' id='word_1_177' title='bbox 1097 2164 1232 2199; x_wconf 83' lang='lat' dir='ltr'><strong>Strabo</strong></span> <span class='ocrx_word' id='word_1_178' title='bbox 1258 2164 1322 2200; x_wconf 80' lang='lat' dir='ltr'><strong>lib.</strong></span> <span class='ocrx_word' id='word_1_179' title='bbox 1338 2165 1419 2200; x_wconf 86' lang='lat' dir='ltr'>VII.</span> <span class='ocrx_word' id='word_1_180' title='bbox 1443 2167 1471 2210; x_wconf 85' lang='grc' dir='ltr'><strong>Ι,</strong></span> <span class='ocrx_word' id='word_1_181' title='bbox 1489 2167 1523 2209; x_wconf 76' lang='lat'><strong>8.</strong></span> <span class='ocrx_word' id='word_1_182' title='bbox 1539 2164 1581 2209; x_wconf 70' lang='grc' dir='ltr'><strong>ὃς</strong></span> 
     </span>
     <span class='ocr_line' id='line_1_28' title="bbox 197 2229 1582 2281; baseline 0.001 -14"><span class='ocrx_word' id='word_1_183' title='bbox 197 2230 475 2280; x_wconf 72' lang='grc' dir='ltr'><strong>Λαγγόβαρδοι,</strong></span> <span class='ocrx_word' id='word_1_184' title='bbox 500 2230 761 2278; x_wconf 75' lang='grc' dir='ltr'><em>Αογγοβαρδοι</em></span> <span class='ocrx_word' id='word_1_185' title='bbox 784 2231 941 2264; x_wconf 78' lang='lat' dir='ltr'><strong>Ptolem.</strong></span> <span class='ocrx_word' id='word_1_186' title='bbox 958 2231 1009 2274; x_wconf 92' lang='lat'><strong>11,</strong></span> <span class='ocrx_word' id='word_1_187' title='bbox 1029 2229 1098 2274; x_wconf 79' lang='lat'><strong>113</strong></span> <span class='ocrx_word' id='word_1_188' title='bbox 1123 2230 1411 2281; x_wconf 75' lang='grc' dir='ltr'><strong>Λαγγόβαρδαι,</strong></span> <span class='ocrx_word' id='word_1_189' title='bbox 1437 2237 1582 2280; x_wconf 71' lang='grc' dir='ltr'><em>Λαγγο·</em></span> 
     </span>
     <span class='ocr_line' id='line_1_29' title="bbox 155 2294 1355 2350; baseline 0.001 -17"><span class='ocrx_word' id='word_1_190' title='bbox 155 2336 159 2341; x_wconf 63' lang='grc'><strong>,</strong></span> <span class='ocrx_word' id='word_1_191' title='bbox 195 2298 346 2350; x_wconf 71' lang='grc' dir='ltr'><strong><em>βαρδοι,</em></strong></span> <span class='ocrx_word' id='word_1_192' title='bbox 373 2296 641 2347; x_wconf 73' lang='grc' dir='ltr'><strong>Λογγίβαρδοι,</strong></span> <span class='ocrx_word' id='word_1_193' title='bbox 666 2294 926 2345; x_wconf 66' lang='grc' dir='ltr'><strong>Λογγόβαρθοι</strong></span> <span class='ocrx_word' id='word_1_194' title='bbox 949 2298 1057 2333; x_wconf 80' lang='lat' dir='ltr'><strong>Proo.</strong></span> <span class='ocrx_word' id='word_1_195' title='bbox 1082 2298 1121 2334; x_wconf 82' lang='lat' dir='ltr'><strong>in</strong></span> <span class='ocrx_word' id='word_1_196' title='bbox 1147 2298 1219 2333; x_wconf 80' lang='lat' dir='ltr'><strong>bel.</strong></span> <span class='ocrx_word' id='word_1_197' title='bbox 1246 2299 1355 2334; x_wconf 75' lang='lat' dir='ltr'><strong>Goth.</strong></span> 
     </span>
    </p>

    <p class='ocr_par' dir='ltr' id='par_1_10' title="bbox 194 2365 1581 2744">
     <span class='ocr_line' id='line_1_30' title="bbox 276 2365 1581 2411; baseline -0.001 -10"><span class='ocrx_word' id='word_1_198' title='bbox 276 2367 304 2409; x_wconf 82' lang='lat'><strong>⁸)</strong></span> <span class='ocrx_word' id='word_1_199' title='bbox 331 2366 472 2401; x_wconf 79' lang='lat' dir='ltr'><strong>Lazius</strong></span> <span class='ocrx_word' id='word_1_200' title='bbox 506 2366 570 2405; x_wconf 86' lang='lat' dir='ltr'><strong>(in</strong></span> <span class='ocrx_word' id='word_1_201' title='bbox 595 2365 865 2401; x_wconf 85' lang='lat' dir='ltr'><strong>commentario</strong></span> <span class='ocrx_word' id='word_1_202' title='bbox 897 2367 943 2400; x_wconf 86' lang='lat' dir='ltr'><strong>de</strong></span> <span class='ocrx_word' id='word_1_203' title='bbox 968 2366 1191 2409; x_wconf 82' lang='lat' dir='ltr'><strong>migratione</strong></span> <span class='ocrx_word' id='word_1_204' title='bbox 1216 2367 1385 2411; x_wconf 82' lang='lat' dir='ltr'><strong>gentium</strong></span> <span class='ocrx_word' id='word_1_205' title='bbox 1410 2367 1475 2402; x_wconf 85' lang='lat' dir='ltr'><strong>lib.</strong></span> <span class='ocrx_word' id='word_1_206' title='bbox 1497 2368 1581 2401; x_wconf 84' lang='grc' dir='ltr'><strong>ΧΗ.</strong></span> 
     </span>
     <span class='ocr_line' id='line_1_31' title="bbox 196 2430 1580 2477; baseline 0 -9"><span class='ocrx_word' id='word_1_207' title='bbox 196 2444 230 2477; x_wconf 84' lang='lat' dir='ltr'><strong>p.</strong></span> <span class='ocrx_word' id='word_1_208' title='bbox 249 2430 337 2476; x_wconf 76' lang='lat'><strong>640)</strong></span> <span class='ocrx_word' id='word_1_209' title='bbox 372 2435 413 2467; x_wconf 81' lang='lat' dir='ltr'><strong>et</strong></span> <span class='ocrx_word' id='word_1_210' title='bbox 438 2432 679 2467; x_wconf 84' lang='lat' dir='ltr'><strong>Rudbeckius</strong></span> <span class='ocrx_word' id='word_1_211' title='bbox 706 2431 766 2474; x_wconf 89' lang='lat' dir='ltr'><strong>(in</strong></span> <span class='ocrx_word' id='word_1_212' title='bbox 793 2433 934 2467; x_wconf 80' lang='lat' dir='ltr'><strong>Atlant.</strong></span> <span class='ocrx_word' id='word_1_213' title='bbox 959 2441 994 2466; x_wconf 84' lang='lat' dir='ltr'><strong>c.</strong></span> <span class='ocrx_word' id='word_1_214' title='bbox 1010 2430 1058 2468; x_wconf 82' lang='grc'><strong>34</strong></span> <span class='ocrx_word' id='word_1_215' title='bbox 1083 2434 1118 2477; x_wconf 77' lang='lat' dir='ltr'><strong>s.</strong></span> <span class='ocrx_word' id='word_1_216' title='bbox 1137 2430 1160 2468; x_wconf 85' lang='lat'>3</span> <span class='ocrx_word' id='word_1_217' title='bbox 1186 2435 1229 2468; x_wconf 83' lang='lat' dir='ltr'><strong>N.</strong></span> <span class='ocrx_word' id='word_1_218' title='bbox 1247 2430 1332 2476; x_wconf 82' lang='lat'><strong>33),</strong></span> <span class='ocrx_word' id='word_1_219' title='bbox 1360 2433 1424 2477; x_wconf 80' lang='lat' dir='ltr'><strong>qui</strong></span> <span class='ocrx_word' id='word_1_220' title='bbox 1448 2433 1580 2468; x_wconf 81' lang='lat' dir='ltr'><strong>nescio</strong></span> 
     </span>
     <span class='ocr_line' id='line_1_32' title="bbox 197 2499 1579 2546; baseline 0 -11"><span class='ocrx_word' id='word_1_221' title='bbox 197 2510 244 2535; x_wconf 86' lang='lat' dir='ltr'><strong>an</strong></span> <span class='ocrx_word' id='word_1_222' title='bbox 271 2503 427 2535; x_wconf 83' lang='lat' dir='ltr'><strong>auctore</strong></span> <span class='ocrx_word' id='word_1_223' title='bbox 453 2500 570 2535; x_wconf 78' lang='lat' dir='ltr'><strong>Paulo</strong></span> <span class='ocrx_word' id='word_1_224' title='bbox 597 2499 863 2535; x_wconf 86' lang='lat' dir='ltr'><strong>Warnat&#39;riedo</strong></span> <span class='ocrx_word' id='word_1_225' title='bbox 890 2499 1004 2543; x_wconf 77' lang='lat' dir='ltr'><strong>(bist.</strong></span> <span class='ocrx_word' id='word_1_226' title='bbox 1031 2503 1149 2544; x_wconf 80' lang='lat' dir='ltr'><strong>Lang.</strong></span> <span class='ocrx_word' id='word_1_227' title='bbox 1175 2502 1211 2546; x_wconf 85' lang='lat'><strong>1,</strong></span> <span class='ocrx_word' id='word_1_228' title='bbox 1238 2500 1280 2543; x_wconf 95' lang='lat' dir='ltr'><strong>l)</strong></span> <span class='ocrx_word' id='word_1_229' title='bbox 1311 2502 1579 2544; x_wconf 79' lang='lat' dir='ltr'><strong>Langobardo-</strong></span> 
     </span>
     <span class='ocr_line' id='line_1_33' title="bbox 194 2566 1579 2612; baseline 0.001 -10"><span class='ocrx_word' id='word_1_230' title='bbox 194 2576 278 2602; x_wconf 90' lang='lat' dir='ltr'><strong>rum</strong></span> <span class='ocrx_word' id='word_1_231' title='bbox 304 2566 458 2608; x_wconf 79' lang='lat' dir='ltr'><strong>patriam</strong></span> <span class='ocrx_word' id='word_1_232' title='bbox 488 2566 774 2602; x_wconf 76' lang='lat' dir='ltr'><strong>scandinaviam</strong></span> <span class='ocrx_word' id='word_1_233' title='bbox 800 2567 1008 2612; x_wconf 84' lang='lat' dir='ltr'><strong>habuerint,</strong></span> <span class='ocrx_word' id='word_1_234' title='bbox 1034 2567 1366 2612; x_wconf 77' lang='lat' dir='ltr'><strong>„Lackahundari”</strong></span> <span class='ocrx_word' id='word_1_235' title='bbox 1391 2570 1428 2601; x_wconf 85' lang='lat' dir='ltr'><strong>et</strong></span> <span class='ocrx_word' id='word_1_236' title='bbox 1453 2570 1579 2612; x_wconf 79' lang='lat' dir='ltr'><strong>„Lan-</strong></span> 
     </span>
     <span class='ocr_line' id='line_1_34' title="bbox 194 2632 1580 2680; baseline 0.002 -12"><span class='ocrx_word' id='word_1_237' title='bbox 194 2632 538 2677; x_wconf 82' lang='lat' dir='ltr'><strong>gobariahundari”</strong></span> <span class='ocrx_word' id='word_1_238' title='bbox 569 2643 690 2680; x_wconf 75' lang='lat' dir='ltr'><strong>pagos</strong></span> <span class='ocrx_word' id='word_1_239' title='bbox 723 2634 761 2669; x_wconf 91' lang='lat' dir='ltr'><strong>in</strong></span> <span class='ocrx_word' id='word_1_240' title='bbox 789 2635 924 2670; x_wconf 75' lang='lat' dir='ltr'><strong>suecia</strong></span> <span class='ocrx_word' id='word_1_241' title='bbox 957 2635 1055 2671; x_wconf 75' lang='lat' dir='ltr'><strong>sito·</strong></span> <span class='ocrx_word' id='word_1_242' title='bbox 1089 2646 1112 2671; x_wconf 91' lang='lat' dir='ltr'><strong>a</strong></span> <span class='ocrx_word' id='word_1_243' title='bbox 1143 2634 1403 2678; x_wconf 76' lang='lat' dir='ltr'><strong>Langobardis</strong></span> <span class='ocrx_word' id='word_1_244' title='bbox 1430 2636 1580 2671; x_wconf 86' lang='lat' dir='ltr'><strong>nomina</strong></span> 
     </span>
     <span class='ocr_line' id='line_1_35' title="bbox 196 2701 1579 2744; baseline 0.001 -10"><span class='ocrx_word' id='word_1_245' title='bbox 196 2701 352 2735; x_wconf 84' lang='lat' dir='ltr'><strong>duxisse</strong></span> <span class='ocrx_word' id='word_1_246' title='bbox 376 2701 522 2744; x_wconf 81' lang='lat' dir='ltr'><strong>putant.</strong></span> <span class='ocrx_word' id='word_1_247' title='bbox 565 2702 636 2735; x_wconf 84' lang='lat' dir='ltr'><strong>Sed</strong></span> <span class='ocrx_word' id='word_1_248' title='bbox 663 2702 732 2736; x_wconf 83' lang='grc' dir='ltr'>Ιιοο</span> <span class='ocrx_word' id='word_1_249' title='bbox 758 2703 804 2738; x_wconf 82' lang='lat' dir='ltr'><strong>ad</strong></span> <span class='ocrx_word' id='word_1_250' title='bbox 831 2702 1180 2738; x_wconf 81' lang='lat' dir='ltr'><strong>commentationem</strong></span> <span class='ocrx_word' id='word_1_251' title='bbox 1205 2710 1323 2736; x_wconf 83' lang='lat' dir='ltr'><strong>meam</strong></span> <span class='ocrx_word' id='word_1_252' title='bbox 1348 2710 1426 2737; x_wconf 90' lang='lat' dir='ltr'><strong>non</strong></span> <span class='ocrx_word' id='word_1_253' title='bbox 1448 2702 1579 2738; x_wconf 75' lang='lat' dir='ltr'><strong>refert.</strong></span> 
     </span>
    </p>
   </div>
  </div>
 </body>
</html>
