1792 3095
878 179 936 221 62

206 296 433 338 nominibus
456 299 630 351 propriis
662 303 730 340 aut
762 300 865 340 raris
898 304 966 341 aut
988 301 1099 341 varie
1130 314 1154 342 a
1183 301 1307 341 variis
1329 300 1595 357 scriptoribus

209 376 471 417 conformatis
485 372 562 429 ¹).''

297 454 373 495 His
407 457 603 510 expositis
636 461 802 509 quaerat
833 457 1046 510 quispiam,
1078 455 1279 511 quomodo
1302 455 1432 498 Taciti
1464 457 1593 509 locus,

207 546 286 587 quo
320 534 668 587 Ampsivariorum
700 536 873 576 nominis
915 537 1062 577 mentio
1095 535 1162 587 fit,
1200 538 1255 578 sit
1294 535 1591 589 intelligendus.

207 612 339 665 Quem
374 613 494 665 igitur
524 612 659 653 locum
692 616 977 655 examinemus,

297 690 464 732 Tacitus
504 690 657 732 haecce
705 691 845 733 habet:
895 692 1007 746 (ann.
1037 689 1137 732 Xlll
1179 705 1215 733 c.
1247 692 1333 745 55)
1379 689 1593 743 „Eosdem

205 782 327 822 agros
349 770 598 823 Ampsivarii
631 783 899 824 occupavere,
931 769 1103 811 validior
1133 783 1234 823 gens
1266 783 1345 810 non
1367 769 1486 812 modo
1518 784 1593 811 sua

206 850 323 902 copia
356 847 432 889 sed
465 847 733 902 adjacentium
771 848 1014 903 populorum
1046 850 1323 899 miseratione,
1362 851 1454 902 quia
1487 849 1593 903 pulsi

205 941 229 967 a
252 925 431 967 Chaucis
466 931 506 967 et
538 926 650 968 sedis
682 928 827 981 inopes
859 932 987 968 tutum
1010 927 1167 968 exilium
1192 926 1373 970 orabant.
1417 926 1591 970 Aderat-

205 1019 284 1058 que
316 1006 367 1044 iis
401 1004 535 1045 clarus
568 1018 642 1058 per
675 1006 766 1045 illas
798 1010 941 1057 gentes
976 1011 1016 1046 et
1047 1005 1165 1046 nobis
1188 1019 1348 1059 quoque
1368 1004 1488 1057 fidus,
1519 1018 1591 1047 no-

206 1085 310 1123 mine
333 1082 566 1135 Bojocalus,
599 1085 776 1124 vinctum
810 1097 857 1124 se
889 1082 1110 1124 rebellione
1142 1083 1340 1124 cherusca
1367 1084 1489 1136 jussu
1512 1084 1591 1123 Ar-

205 1163 313 1201 minii
346 1160 542 1212 reserens,
582 1174 672 1201 mox
705 1159 880 1212 Tiberio,
915 1160 1155 1203 Germanico
1189 1160 1360 1202 ducibus
1391 1160 1591 1214 stipendia

204 1241 404 1280 meruisse
427 1243 467 1279 et
500 1240 784 1293 quinquaginta
817 1253 1009 1280 annorum
1033 1239 1229 1293 obsequio
1261 1238 1303 1279 id
1326 1252 1486 1293 quoque
1517 1238 1590 1280 ad-

199 1318 386 1370 jungere,
419 1316 528 1370 quod
549 1322 708 1369 gentem
742 1331 857 1358 suam
893 1317 1031 1359 ditioni
1063 1322 1229 1358 nostrae
1250 1316 1495 1369 subjiceret.
1517 1347 1527 1359 .
1548 1349 1557 1359 .
1577 1346 1587 1357 .

206 1426 217 1437 .
235 1427 245 1438 .
262 1426 272 1438 .
291 1395 404 1437 Haec
437 1397 477 1435 in
511 1394 712 1449 publicum
737 1396 1007 1450 Ampsivariis
1038 1394 1262 1450 respondit,
1294 1397 1372 1450 ipsi
1393 1395 1588 1449 Bojocalo

202 1474 255 1515 ob
289 1475 517 1514 memoriam
551 1475 750 1516 amicitiae
783 1474 967 1515 daturum
999 1488 1150 1527 agros.
1171 1504 1181 1515 .
1202 1506 1212 1516 .
1259 1472 1320 1513 llli
1351 1473 1587 1524 Bructeros,

201 1551 442 1602 Tencteros,
464 1552 677 1593 ulteriores
694 1554 811 1595 etiam
834 1554 1018 1597 nationes
1040 1553 1177 1593 socias
1198 1551 1305 1592 bello
1322 1550 1584 1595 vocabant...

199 1628 325 1682 Igitur
365 1629 658 1671 absistentibus
700 1630 784 1680 his,
829 1632 914 1684 pari
958 1635 1065 1671 metu
1107 1630 1283 1670 exterriti
1321 1628 1506 1671 Bructeri
1548 1635 1588 1671 ct

202 1710 351 1748 ceteris
384 1721 544 1761 qnoque
576 1708 705 1748 aliena
739 1709 919 1761 pericula
951 1707 1274 1758 defendentibus,
1306 1707 1393 1748 sola
1420 1707 1587 1761 Ampsi-

200 1788 401 1827 variorum
442 1799 544 1838 gens
586 1789 693 1826 retro
735 1784 787 1825 ad
829 1785 999 1839 Usipios
1040 1790 1080 1826 et
1118 1784 1326 1826 Tubantes
1368 1787 1586 1835 concessit,

200 1878 367 1919 quorum
410 1865 530 1905 terris
573 1865 702 1904 exacti
743 1876 862 1917 quum
897 1863 1090 1914 Chattos,
1123 1862 1216 1904 dein
1249 1862 1480 1905 Cheruscos
1514 1876 1585 1916 pe-

198 1946 367 1995 tissent,
401 1956 537 1983 errore
568 1941 688 1995 longo
721 1940 905 1995 hospites
940 1943 1074 1993 egeni,
1106 1940 1249 1982 hostes
1281 1942 1321 1981 in
1353 1940 1445 1991 alio,
1478 1940 1585 1996 quod

193 2023 420 2076 juventutis
453 2025 559 2072 erat,
594 2019 836 2061 caeduntur:
876 2019 1049 2060 imbellis
1081 2024 1196 2061 aetas
1228 2020 1269 2061 in
1298 2017 1489 2075 praedam
1524 2017 1583 2060 di-

197 2103 286 2142 visa
321 2100 422 2142 est.”

289 2178 364 2219 His
397 2177 533 2218 verbis
555 2176 740 2218 Tacitum
772 2176 933 2230 quidem
966 2178 1171 2218 nominare
1192 2177 1475 2231 Ampsivarios
1509 2175 1582 2218 do-

199 2269 355 2307 cemur,
388 2254 464 2296 sed
495 2255 593 2295 nihil
624 2268 702 2295 nos
734 2253 920 2308 impedit,
954 2256 1164 2308 quominus
1197 2260 1349 2309 partem
1383 2256 1582 2312 Angriva-

196 2336 343 2374 riorum
379 2347 451 2374 eos
483 2332 613 2374 fuisse
646 2346 908 2385 censeamus,
948 2346 1051 2388 quae
1085 2348 1133 2375 ex
1165 2336 1293 2389 patria
1327 2337 1582 2391 emigraverit

279 2526 304 2566 ¹)
332 2526 537 2559 Praeterea
563 2525 766 2558 Kramerus
793 2524 888 2559 idem
914 2534 987 2560 nos
1013 2526 1135 2569 docet,
1161 2526 1257 2567 apud
1284 2526 1503 2569 Strabonem
1529 2526 1579 2560 li-

194 2592 298 2624 teras
324 2591 424 2625 inter
450 2600 493 2625 se
517 2594 764 2632 permutatas,
791 2591 925 2625 literas
952 2595 1018 2625 alit
1039 2593 1211 2634 syllabas
1238 2591 1380 2626 similes
1407 2593 1444 2624 et
1460 2592 1578 2626 omis-

194 2665 259 2689 sas
288 2665 374 2689 esse
400 2658 437 2689 et
460 2656 630 2690 iteratas.
1349 2657 1373 2680 ⁸
