1792 3095
873 164 931 206 58

159 337 164 341 ,
203 288 361 342 fugisse
393 300 470 339 me,
503 286 787 340 Ampsivarios
810 284 987 328 Chaucis
1018 284 1207 328 finitimos
1240 286 1589 333 esso-habendos.

155 357 160 361 ⁴
201 366 432 409 Dicendum
474 367 595 418 igitur
635 368 701 405 est
741 363 793 405 de
833 364 1118 418 Ampsivariis.
1188 362 1385 419 Equidem
1426 379 1589 416 censeo,

201 445 353 486 nullum
386 444 578 499 populum
613 456 744 496 usque
775 440 828 483 ad
860 455 1008 485 annum
1030 444 1408 496 quinquagesimum.
1427 457 1467 497 p.
1491 444 1588 487 Chr.

202 538 241 566 n.
268 525 491 575 exstitisse,
523 524 588 565 cui
610 535 757 563 nomeu
779 521 1126 582 Ampsivariorum
1157 521 1290 572 fuerit,
1320 520 1395 564 sed
1422 522 1588 576 Ampsi-

201 604 339 645 varios
373 616 403 644 a
436 601 578 643 Tacito
600 599 803 643 laudatos
835 600 932 642 nihii
964 601 1042 641 nisi
1074 600 1403 655 Angrivariorum
1425 605 1588 656 partem

206 695 302 724 esse
333 679 560 724 habendos.

265 754 269 757 ’
294 760 430 814 Quum
463 764 597 800 tamen
627 758 731 800 haec
762 759 964 801 sententia
984 759 1224 801 auctoritate
1246 759 1419 800 omnium
1446 763 1588 804 auctor

199 852 286 880 rum
318 840 662 891 gravissimorum,
693 839 761 890 qui
793 835 963 878 eandem
994 850 1079 877 rem
1110 839 1340 890 tetigerunt,
1371 837 1589 889 refellatur,

200 920 240 958 in
261 917 339 959 hac
361 931 406 958 re
428 916 631 971 aliquanto
651 914 801 957 diutius
818 914 1145 958 commorandum
1167 915 1261 957 mihi
1279 929 1374 958 mo
1392 917 1586 962 existimo.

291 996 538 1048 Ampsivarii
578 994 629 1035 ab
669 994 855 1034 omnibus
905 993 991 1035 fere
1037 993 1091 1035 ad
1126 994 1324 1037 Amisiam
1362 993 1588 1040 inferiorem

200 1076 305 1115 inter
326 1072 517 1115 Chaucos
538 1071 841 1125 Bructerosque
863 1070 1072 1113 habitasse
1093 1077 1295 1126 putantur,
1321 1074 1361 1113 in
1380 1072 1449 1114 ilia
1470 1074 1590 1126 igitur

199 1155 389 1207 regione,
430 1165 547 1206 quam
578 1150 775 1192 Romanis
814 1163 894 1191 non
935 1152 1066 1192 minus
1106 1156 1241 1193 notam
1275 1165 1393 1205 quam
1423 1165 1588 1204 gravem

199 1231 329 1273 fuisse
360 1232 497 1285 negari
530 1231 680 1285 nequit.
731 1229 929 1284 Quamvis
960 1233 1093 1272 autem
1125 1229 1228 1272 haec
1259 1231 1372 1283 regio
1393 1229 1588 1279 Romanis

199 1324 370 1364 prorsus
401 1315 497 1350 nota
529 1309 663 1360 fuerit,
694 1314 829 1349 tamen
860 1311 899 1349 in
930 1309 1040 1349 nulla
1073 1307 1328 1362 expeditione
1349 1321 1372 1349 a
1393 1308 1587 1350 Romanis

200 1391 241 1430 iu
274 1387 502 1430 Germanos
534 1393 728 1441 suscepta
761 1388 931 1428 nominis
964 1387 1309 1441 Ampsivariorum
1346 1390 1493 1428 mentio
1525 1387 1587 1428 fit:

202 1467 372 1508 Cassius
412 1465 516 1516 Dio,
559 1464 772 1518 Vellejus‚
812 1464 1001 1515 Tacitus,
1041 1463 1191 1520 Strabo
1232 1478 1374 1506 omnes
1414 1464 1587 1519 denique

199 1546 424 1599 scriptores
445 1543 618 1585 Romani
650 1543 729 1585 hoc
762 1542 813 1584 de
836 1542 985 1597 populo
1008 1547 1162 1585 tacent:
1195 1542 1236 1585 id
1256 1542 1366 1598 quod
1388 1557 1435 1585 eo
1458 1546 1587 1597 magis

200 1623 423 1665 mirandum
462 1622 641 1674 videtur,
683 1636 803 1677 quum
844 1621 1039 1664 Romanis
1071 1622 1253 1665 Amisiae
1292 1623 1457 1665 accolas
1495 1628 1587 1665 ante

202 1717 343 1744 omnes
376 1702 505 1744 fuisse
538 1705 726 1756 cognitos
757 1715 874 1743 nemo
907 1703 963 1743 sit
992 1703 1060 1756 qui
1092 1707 1227 1756 neget.

293 1781 433 1835 ltaque
465 1796 514 1822 ex
545 1780 813 1835 scriptoribus
846 1779 1099 1821 Chaucorum
1137 1779 1262 1822 sedes
1294 1796 1358 1824 mo
1391 1784 1586 1826 constitu-

200 1866 332 1901 turum
374 1873 469 1901 esse
506 1858 742 1914 professus,
785 1859 1068 1913 Ampsivarios
1110 1872 1235 1914 supra
1275 1873 1587 1903 commemorare

201 1952 279 1979 non
304 1940 428 1992 potui.
463 1936 562 1979 Scio
586 1942 732 1988 tamen,
763 1936 852 1979 foro
873 1937 1093 1993 plerosque
1119 1940 1185 1992 qui
1208 1952 1336 1980 meam
1358 1940 1586 1994 opinionem

199 2018 467 2072 gravissimis,
499 2022 543 2058 ut
567 2019 793 2072 opinantur,
828 2019 1074 2071 argumentis
1104 2023 1352 2072 oppugnent,
1386 2018 1464 2059 sibi
1494 2032 1586 2073 per-

200 2110 365 2138 suasum
400 2095 619 2148 habentes,
656 2111 704 2138 ex
738 2098 978 2138 auctoritate
1008 2092 1287 2150 Ledeburii¹)‚
1312 2093 1585 2150 wilhelmi’),

199 2171 402 2230 Paulyi³),
434 2172 676 2227 Kusahffi‘),
705 2174 931 2227 Grimmii⁵J
964 2174 1071 2229 apud
1094 2175 1335 2218 Strabonem
1357 2177 1397 2216 in
1418 2176 1586 2219 vocibus

280 2392 306 2432 ¹)
335 2392 523 2426 bedebur:
551 2393 653 2427 Laud
678 2393 754 2426 und
780 2392 881 2427 Volk
907 2393 979 2427 oet.
1005 2402 1041 2435 p.
1058 2389 1107 2429 90
1128 2401 1230 2437 seqq.

277 2457 305 2500 ')
331 2459 532 2493 Wilhelm:
560 2459 799 2493 Germanien.
824 2470 860 2501 1).
878 2457 950 2494 209
970 2468 1075 2502 seqq.

277 2523 305 2565 ³)
333 2525 476 2567 Pauly:
501 2525 820 2567 Enoyolopaedia.
846 2526 884 2569 I,
907 2523 991 2559 444.

277 2591 304 2631 ⁴)
332 2591 483 2625 Kufnhl:
508 2591 736 2626 Geschichte
762 2591 829 2626 der
854 2592 1086 2628 Deutsohen.
1110 2602 1145 2635 p.
1162 2589 1246 2628 209.

278 2656 306 2699 Ι’)
334 2658 453 2691 Jacob
469 2658 629 2693 Grimm:
654 2658 877 2693 Geschichte
894 2660 959 2693 der
970 2660 1183 2695 Deutschen
1194 2659 1371 2703 sprache.
1387 2659 1437 2704 11,
1452 2669 1487 2703 p.
1501 2657 1585 2695 782.
