1792 3095
217 303 382 347 tentiam
413 300 658 359 probaturus
691 305 810 344 errat.
860 299 973 344 Dicit
1005 301 1122 353 enim,
1152 299 1322 344 navibus
1354 303 1595 358 pervenisse

218 384 477 426 Gannascum
510 397 606 431 cum·
630 382 809 424 Chaucis
847 384 888 423 in
918 381 1020 423 fines
1054 381 1283 432 Gallorum,
1323 380 1430 436 quod
1462 387 1596 423 tamen

217 464 267 508 ὠ
298 460 350 506 iis
381 468 533 507 tantum
565 462 782 516 Chaucis,
804 464 871 518 qui
902 461 1173 507 imm-,Albim
1205 460 1493 517 Visurgimque
1523 462 1595 504 ha-

217 544 430 596 bitassent,
458 542 547 585 fieri
568 543 789 598 potuisset3
822 543 958 597 itaque
979 539 1228 582 diffitendum
1250 553 1329 581 non
1353 553 1448 583 esse
1469 546 1594 597 putat,

217 612 463 679 „majores”
489 625 599 665 inter
628 621 835 676 Visurgim
868 627 908 667 et
937 621 1072 663 Albim
1106 634 1201 663 esse
1233 620 1458 675 ponendos.

307 701 469 757 Quodsi
508 714 605 744 vero
638 714 718 743 non
750 714 916 756 negem,
957 698 1147 742 Chaucos
1180 714 1254 756 per
1285 714 1394 744 mare
1425 700 1595 745 Germa·

217 785 348 825 uicum
387 781 639 824 Hollandiam
678 785 971 823 circumvectos
1003 783 1044 821 in
1071 779 1294 823 Vaehalem
1330 781 1493 822 fluvium
1523 796 1595 824 ve-

217 864 353 915 nisse,
390 860 512 905 Mosa
550 861 711 903 flumine
751 861 912 913 relicto,
951 865 1084 903 tamen
1126 858 1362 902 sumendum
1391 874 1471 903 uon
1500 875 1596 903 cen-

217 956 311 994 seo,
350 947 566 997 propterea
599 940 789 983 Chaucos
830 953 902 982 eos
940 944 1092 982 tantum
1127 953 1222 982 esse
1253 940 1485 992 habendos,
1529 943 1596 996 qui

218 1023 320 1065 inter
352 1020 560 1075 Visurgim
592 1025 633 1064 et
664 1019 799 1062 Albim
830 1019 1114 1062 habitaverint.
1178 1019 1314 1073 Quid?
1353 1019 1596 1063 Chaucosno

218 1103 321 1143 iuter
351 1101 547 1143 Amisiam
579 1100 867 1156 Visurgimque
904 1099 1133 1142 habitantes
1170 1102 1210 1141 in
1241 1114 1351 1142 marc
1383 1100 1595 1142 Germani-

218 1194 307 1223 cum
340 1183 550 1237 pervenire
573 1194 661 1235 >non
683 1182 894 1236 potuisse?
926 1179 1074 1222 Nonne
1096 1182 1198 1223 enim
1221 1182 1278 1223 uti
1302 1182 1456 1224 Amisia
1479 1186 1594 1236 pote-

216 1266 305 1304 rant
336 1266 377 1302 et
410 1260 602 1314 Visurgi?

307 1339 449 1394 ltaque
482 1344 523 1380 et
542 1337 780 1393 Wersebeji
811 1337 916 1380 falsa
944 1339 1132 1393 opinione
1154 1338 1339 1392 refutata,
1370 1341 1424 1382 nil
1447 1340 1595 1393 obstat,

218 1421 444 1476 quominus,
476 1417 606 1461 Taciti
628 1420 904 1461 auctoritatem
927 1421 1070 1471 secuti,
1104 1418 1382 1472 defendamus,
1405 1420 1595 1463 Chaucos

217 1501 391 1553 majores
423 1498 473 1541 ab
506 1499 661 1540 Amisia
693 1513 822 1553 usque
854 1499 905 1541 ad
928 1499 1132 1554 Visurgim
1164 1500 1386 1551 habitasse,
1419 1503 1594 1542 minores

217 1592 313 1621 vero
346 1580 449 1619 inter
469 1576 675 1632 Visurgim
701 1578 916 1634 Albimque
946 1578 1104 1631 fluvios,
1138 1583 1179 1620 et
1209 1577 1499 1631 Ptolemaeum,
1532 1595 1594 1621 er-

219 1673 310 1700 rore
343 1656 515 1712 quodam
549 1655 764 1699 adductum
786 1654 818 1711 ¹)
850 1659 1038 1700 attulisse
1069 1660 1308 1700 sententiam
1342 1661 1595 1702 contrariam.

305 1736 382 1779 His
422 1736 606 1779 omuibus
646 1737 765 1792 plane
805 1740 1022 1793 expositis,
1070 1737 1244 1793 denique
1288 1752 1336 1779 eo
1377 1752 1595 1793 progressa

217 1822 354 1860 nostra
377 1816 594 1872 disputatio
618 1821 694 1869 est,
727 1821 771 1858 ut
793 1816 1076 1874 exquirendum
1100 1822 1242 1871 restet,
1275 1831 1469 1874 quosnam
1493 1820 1597 1861 inter

217 1898 391 1954 populos
424 1895 578 1938 Chauci
609 1895 801 1939 sederint.

216 2029 478 2079 auch-fuglieh
503 2029 661 2075 denken,
686 2030 768 2065 dass
794 2038 835 2063 es
862 2028 921 2064 die
944 2028 1171 2066 Einwohner
1197 2031 1263 2065 des
1288 2030 1469 2066 metricts
1494 2031 1594 2067 zwi-

219 2098 335 2133 schen
361 2097 430 2132 der
455 2096 598 2132 Weser
623 2097 697 2131 und
724 2097 815 2131 Elbo
841 2105 992 2142 waren,
1026 2097 1084 2132 die
1116 2097 1244 2133 diesen
1273 2099 1359 2141 zug
1392 2098 1595 2142 cigentlich

218 2169 498 2201 unternommen
523 2165 652 2200 hatten
676 2165 751 2200 und
778 2165 860 2201 dats
886 2166 1064 2201 demnach
1082 2165 1236 2201 Tacitus
1263 2165 1366 2201 diese
1386 2168 1497 2201 unter
1514 2167 1593 2201 dem

217 2235 373 2279 grossen
398 2232 575 2269 Chauken
602 2234 787 2269 verstehe.

296 2303 326 2342 ¹)
351 2302 611 2346 Ptolemaeus,
637 2301 702 2344 qui
725 2300 887 2336 forsitan
913 2300 1031 2337 Taciti
1055 2302 1204 2348 locum,
1228 2311 1301 2345 quo
1324 2301 1492 2346 „chauci
1515 2311 1595 2336 ma-

211 2368 351 2415 jores„
374 2368 528 2412 legitur,
552 2367 788 2411 ignoraverit
812 2376 933 2411 neque
957 2367 1153 2412 quidquam
1179 2369 1225 2403 de
1250 2368 1404 2404 sedibus
1422 2369 1592 2404 Chauco-

218 2446 301 2473 rum
327 2433 512 2481 maJorum
537 2437 603 2471 aut
626 2435 812 2472 minorum
837 2438 1067 2480 compertum
1096 2436 1286 2481 habuerit,
1317 2436 1487 2471 Chaucos
1513 2437 1592 2470 Ro-

217 2504 337 2540 manis
363 2502 555 2547 proximos
569 2494 701 2547 *magis
726 2506 840 2539 notos
865 2503 987 2539 fuisse
1003 2505 1113 2539 ratus
1138 2513 1248 2548 quam
1264 2502 1501 2548 remotiores,
1526 2504 1594 2538 hos

216 2569 380 2616 majores
404 2571 492 2606 illos
517 2569 680 2605 minores
713 2572 930 2613 appellasse
962 2571 1122 2606 videtur.
1173 2570 1238 2605 ms
1272 2571 1367 2605 enim
1401 2570 1596 2605 vocabulis

217 2638 386 2682 ,‚minor,
418 2638 570 2681 propria
593 2640 631 2672 et
655 2646 810 2684 magna,
834 2636 983 2685 major„
1013 2638 1107 2674 idem
1133 2635 1362 2685 significari,
1388 2646 1503 2685 supra
1528 2638 1598 2674 de·

217 2705 492 2742 monstravisse
514 2705 600 2744 mihi
625 2706 765 2742 videor.
