1792 3095
866 191 928 233 68

207 320 434 363 novumque
455 309 801 363 Ampsivariorum
823 288 1032 351 nomena
1058 310 1175 350 novis
1196 307 1379 361 sedibus,
1410 307 1587 350 fortasse

206 387 257 429 ab
289 388 444 429 Amisia
473 387 595 429 fluvio
608 383 654 439 ¹),
684 391 901 443 acceperit.
950 388 1059 442 Quin
1092 390 1209 429 etiam
1243 389 1445 442 conjicere
1477 388 1585 438 licet,

206 467 284 509 hos
317 467 598 521 Ampsivarios
631 465 797 508 eosdem
829 464 959 508 fuisse
987 480 1037 509 ac
1066 467 1345 520 Angrivarios,
1378 480 1480 521 quos
1504 465 1584 507 Ta-

207 546 311 586 citus
348 545 631 586 Bructerorum
673 546 959 587 exstinctorum
1006 545 1129 587 sedes
1169 558 1399 599 occupasse
1438 550 1583 586 narrat.

206 622 391 665 inaudita
431 637 534 673 ‚vero
582 623 691 678 loqui
719 622 894 675 >videor3
922 637 1031 670 ⁴nam
1071 625 1315 678 Ampsivarii
1354 624 1436 677 jam
1478 636 1582 664 anno

206 702 264 744 59
296 707 675 753 commemorantur,
710 716 847 757 pugna
887 708 1018 745 autem
1058 704 1096 743 in
1129 702 1349 743 Bructeros
1381 702 1487 743 facta
1521 707 1585 743 est

204 779 425 823 secundum
447 779 724 821 Ledeburium
764 793 802 836 p.
825 781 920 824 Chr.
944 780 1109 823 manno
1143 782 1199 823 96
1233 781 1298 821 vel
1330 781 1402 832 97,
1434 794 1582 821 secun-

206 858 297 899 dum
319 857 582 900 Wilhelmum
605 873 709 900 anno
724 860 790 901 -98
811 859 1034 901 secundum
1055 859 1256 900 Ritterum
1277 861 1380 899 inter
1402 859 1583 901 70-98

203 950 353 988 annos,
393 936 616 979 secundum
646 936 844 991 Paulyum
885 951 988 979 anno
1026 936 1110 979 1⁰0
1129 933 1185 990 ⁵),
1217 959 1275 966 --
1308 941 1440 979 tamen
1480 937 1584 979 hanc

201 1016 443 1057 sententiam
475 1021 608 1059 teneo.

294 1094 576 1148 Amps-ivarios
608 1093 767 1149 quidem
798 1107 902 1135 anno
938 1094 993 1136 59
1026 1092 1151 1135 sedes
1183 1094 1233 1135 ab
1257 1094 1378 1136 Avito
1413 1096 1582 1148 petiisse

203 1174 308 1212 omni
340 1171 458 1213 modo
493 1187 541 1213 ex
572 1175 811 1214 auctoritate
843 1178 1003 1214 constat
1038 1172 1250 1222 historiae3
1292 1173 1451 1226 quando
1484 1187 1581 1214 vero

203 1250 398 1304 proelium
430 1255 569 1292 contra
599 1251 821 1293 Bructeros
853 1253 907 1292 sit
938 1253 1210 1302 commissum,
1243 1256 1355 1292 certo
1390 1251 1468 1292 dici
1501 1265 1582 1292 non

202 1333 351 1382 potest.
374 1328 541 1371 Tacitus
559 1329 636 1370 hac
654 1328 705 1370 de
726 1343 770 1370 re
791 1330 857 1371 his
878 1329 1014 1370 verbis
1031 1331 1152 1370 utitur
1165 1327 1414 1380 (Germ.33)
1431 1328 1581 1380 „Juxta

203 1406 427 1449 Tencteros
459 1408 646 1450 Bructeri
684 1408 777 1449 olim
817 1408 1103 1458 occurrebant3
1142 1422 1250 1450 nunc
1282 1407 1510 1449 Chamavos
1544 1413 1584 1448 et

201 1487 464 1539 Angrivarios
496 1488 747 1540 immigrasse
778 1492 981 1538 narratur,
1020 1481 1150 1540 pulsis
1181 1485 1389 1527 Bructeris
1426 1498 1476 1526 ac
1508 1499 1580 1539 pe-

200 1566 308 1605 nitus
330 1560 520 1617 excisis')
552 1567 769 1606 vicinarum
793 1579 996 1606 consensu
1018 1566 1235 1615 nationum,
1269 1577 1342 1604 seu
1365 1563 1580 1616 superbiae

202 1641 308 1693 odio,
342 1656 414 1684 seu
449 1641 622 1697 praedae
654 1642 880 1696 dulcedine,
913 1657 986 1685 seu
1018 1641 1157 1684 favore
1181 1640 1352 1696 quodam
1377 1655 1471 1694 erga
1502 1655 1579 1683 nos

201 1720 406 1763 deorum.”

281 1876 308 1919 ¹)
336 1876 434 1911 Fieri
458 1877 647 1923 potuisse,
681 1879 725 1911 ut
749 1886 837 1920 pars
863 1875 1060 1922 cujusdam
1085 1877 1233 1922 populi,
1266 1885 1361 1921 quae
1385 1885 1431 1910 ex
1457 1875 1579 1918 patria

200 1942 458 1986 emigraverit,
483 1952 619 1977 novum
647 1952 779 1977 nomen
805 1944 879 1978 sibi
902 1944 1141 1986 imposuerit,
1175 1943 1328 1977 Tacitus
1356 1943 1496 1983 (Germ.
1512 1939 1577 1982 29)

201 2010 382 2051 testatum
408 2008 589 2043 credibile
614 2009 730 2052 igitur
757 2012 834 2054 est,
859 2009 1106 2052 Angrivarios
1132 2009 1238 2052 iilos,
1264 2019 1357 2052 quos
1384 2017 1430 2042 ex
1455 2008 1577 2050 patria

198 2075 404 2118 emigrasse
429 2077 626 2118 contendo,
651 2085 698 2109 ex
716 2075 856 2110 Amisia
881 2069 996 2110 fluvio
1023 2085 1109 2109 esse
1127 2076 1359 2117 nominatos;
1384 2075 1481 2117 quod
1505 2083 1576 2108 no·-

197 2150 284 2174 vum
319 2150 451 2175 nomen
485 2141 622 2183 optime
655 2141 835 2177 conuenit
866 2142 1004 2175 nomini
1030 2141 1337 2184 Angrivariorum
1367 2140 1467 2184 (‚‚die
1495 2140 1575 2173 sich

195 2207 264 2241 auf
284 2210 436 2250 Angern
462 2207 801 2250 niedergeiassen”
834 2208 984 2242 Grimm.
1000 2209 1136 2242 Gesch.
1159 2207 1208 2250 11,
1223 2205 1323 2248 783).

281 2273 308 2314 ¹)
335 2273 527 2307 bedebur:
559 2274 662 2308 Laud
695 2275 774 2309 und
804 2275 904 2308 Volk
935 2284 969 2316 p.
994 2271 1077 2308 240.
1128 2273 1327 2308 Wilhelm:
1353 2272 1574 2306 Germanica

196 2349 230 2381 p.
251 2336 331 2373 127.
374 2339 604 2374 Frauziscus
630 2339 772 2374 Ritter:
802 2341 887 2374 Not.
912 2340 959 2374 ad
986 2338 1230 2373 Germaniam.
1272 2338 1394 2380 Pauly
1420 2337 1574 2380 (Ency-

196 2404 389 2447 clopaedia
412 2405 450 2448 1,
466 2402 567 2447 483).

273 2470 301 2513 ³)
328 2472 532 2505 Bructero·
559 2480 601 2505 re
627 2480 720 2505 vera
745 2480 820 2505 non
845 2471 1004 2505 excisos
1025 2479 1114 2504 esse
1141 2470 1239 2504 inter
1265 2478 1395 2504 omnes
1422 2472 1574 2504 constat

194 2539 331 2573 factam
362 2540 485 2572 autem
516 2546 604 2571 esse
639 2537 678 2570 in
712 2539 917 2572 Bructeros
949 2546 1112 2581 pugnam
1145 2537 1357 2579 negandum
1392 2546 1467 2571 non
1502 2539 1574 2572 est.

196 2602 301 2637 Gonf.
325 2606 374 2637 M.
401 2606 443 2637 A.
468 2603 513 2636 de
538 2603 1017 2645 Bethmann-Hollwegium
1044 2602 1155 2644 (iiber
1180 2602 1240 2636 die
1263 2604 1477 2637 Germanen
1505 2610 1572 2635 vor

195 2669 261 2703 der
289 2662 677 2712 volkerwa'nderung.
708 2670 815 2703 Bonn
843 2666 948 2704 1850.
974 2678 1008 2711 p.
1028 2664 1082 2710 6).
