1792 3095
856 166 913 210 15

232 308 266 327 s:
285 286 459 340 Quinam
485 286 838 342 veron-populi-ad
868 289 1071 330 sociorum
1102 286 1401 330 tributariorum
1432 301 1572 330 nume-

195 365 520 409 rumxrefe‘rendi
559 367 689 417 sint·,··
709 366 821 417 nullo
859 365 978 408 modo
1019 370 1156 422 potest
1194 368 1407 419 constitui,
1452 379 1574 421 quum

195 446 434 487 mentionem
462 445 590 499 hujus
621 447 680 486 rei
710 444 907 488 auctores..
931 445 1080 488 nullam
1113 444 1273 489 saciant.
1321 445 1465 501 ltaque
1479 447 1571 500 opi-

193 524 353 566 nionem
382 528 544 567 *tantum
582 523 832 567 Benedictus
863 520 1187 577 Wilhelmus¹),
1228 538 1253 566 a
1290 525 1400 566 nullo
1439 538 1572 566 rerum

194 604 405 658 scriptore<
426 602 656 659 probatam,
693 605 825 657 affert,
861 603 1027 657 dicens,
1057 604 1266 658 Saxones,
1297 618 1401 660 quos
1431 603 1572 646 Ptole-

193 694 353 735 maeus,
393 687 434 725 et
464 683 730 738 Angrivarios
758 689 804 727 et
838 684 1050 741 Χαύβους
1081 689 1122 727 et
1151 682 1428 737 Καούλκους,
1468 696 1572 739 quos

192 759 342 803 Strabo
365 769 650 809 commemorat
677 764 852 819 populos
872 767 1117 819 pertinuisse
1138 764 1191 806 ad
1212 764 1420 807 Chaucos.
1463 762 1571 805 Nam

192 839 301 894 quod
339 839 390 884 ad
424 840 609 886 Saxones
641 845 803 895 attinet,
845 857 961 885 nemo
995 841 1162 886 eosdem
1193 858 1271 885 nec
1300 843 1572 885 Romanorum

191 933 268 961 nec
289 919 552 973 Graecorum,
583 924 652 976 qui
683 927 777 964 ante
797 920 1075 965 Ptolemaeum
1100 921 1332 974 floruerunt,
1364 927 1574 964 auctorum

192 1002 407 1052 cognorim
438 999 733 1044 :Ptolemaeum
781 1016 878 1045 vero
924 1004 1055 1058 ipsum
1094 995 1255 1044 minime
1295 1000 1372 1045 sub
1412 1002 1574 1043 nomine

191 1076 445 1120 Chaucorum
461 1079 646 1123 Saxones
664 1081 1007 1137 comprehendere
1024 1084 1209 1137 potuisse
1224 1086 1406 1137 apparet,
1422 1082 1573 1135 quippe

190 1170 309 1212 quum
340 1160 444 1213 ipse,
477 1165 520 1201 ut
549 1173 674 1215 supra
695 1160 883 1213 vidimus,
916 1160 1170 1203 Chaucorum
1194 1166 1338 1216 gentes
1360 1158 1414 1202 ad
1434 1158 1571 1200 Albim

190 1249 333 1291 usqne,
364 1236 550 1280 Saxones
579 1253 675 1280 vero
706 1244 818 1281 trans
841 1239 978 1281 Albim
1009 1239 1171 1281 fluvium
1203 1239 1414 1281 habitasse
1447 1238 1568 1280 dicat.

190 1314 308 1369 Quos
318 1330 414 1358 vero
425 1317 573 1360 Strabo
586 1323 885 1371 commemorat,
895 1318 1074 1375 Χαῧβοι
1083 1340 1134 1350 -
1144 1318 1339 1361 Chamavi
1350 1318 1564 1360 scilicet-

189 1399 237 1435 et·
259 1395 479 1439 Καοῦλκοι
509 1397 647 1452 populi
681 1413 739 1429 -—
771 1399 952 1439 nimirum
983 1397 1270 1447 Καλούκωνες
1300 1396 1408 1452 apud
1429 1396 1570 1437 Ptole-

187 1486 342 1516 maeum
365 1473 473 1517 -dicti
503 1497 561 1506 --
595 1474 703 1518 haud
731 1476 822 1518 scio
854 1490 903 1517 an
937 1481 1104 1532 propter
1134 1478 1277 1528 situm,
1317 1488 1435 1530 quem
1466 1473 1572 1517 infra

189 1553 432 1606 videbimus,
480 1554 780 1597 Cheruscorum
829 1558 967 1610 potius
1022 1570 1139 1610 quam
1190 1555 1446 1597 Chaucorum
1494 1555 1569 1595 ha-

185 1631 307 1675 bendi
338 1635 421 1676 sint
452 1633 634 1677 clientes.
684 1635 951 1689 Angrivarios
984 1633 1158 1690 denique
1186 1634 1239 1677 ad
1262 1633 1453 1677 Chaucos
1476 1646 1569 1689 per-

185 1713 356 1755 tinuisse
387 1713 559 1756 libenter
589 1714 774 1769 equidem
794 1713 1020 1755 Wilhelmo
1042 1717 1260 1766 assentior,
1289 1716 1439 1769 quippe
1460 1712 1571 1768 quod

185 1793 441 1846 apertissime
472 1792 641 1835 historia
673 1792 835 1837 doceat.
898 1793 1003 1833 Nam
1037 1792 1203 1834 Tacitus
1237 1791 1349 1847 (ann.
1374 1791 1423 1844 ΙΙ,
1457 1807 1493 1833 c.
1517 1791 1568 1844 8)

186 1869 238 1911 de
251 1869 486 1913 *defectione
508 1877 549 1913 et
570 1871 738 1925 perfidia
757 1872 1090 1925 Angrivariorum
1112 1872 1299 1925 loquitur,
1329 1884 1588 1926 quamquam·

184 1952 314 1990 rerum
346 1951 587 2004 scriptorum
620 1963 751 2002 nemo,
783 1950 1049 2004 Angrivarios
1082 1952 1122 1991 in
1148 1949 1347 2004 quandam
1370 1964 1462 1991 cum
1481 1949 1568 1991 Ro-

183 2030 311 2070 manis
343 2031 579 2071 societatem
601 2031 781 2080 venisse,
812 2042 984 2082 unquam
1012 2031 1227 2071 memoriae
1249 2029 1382 2072 tradit.
1430 2028 1565 2070 Chau-

185 2120 257 2149 cos
297 2121 394 2149 νει-ο
436 2122 526 2151 cum
565 2108 760 2150 Romanis
798 2107 1038 2160 conjunctos
1080 2122 1129 2149 ex
1167 2106 1372 2149 Paterculi
1404 2106 1564 2149 verbis:

182 2192 409 2241 „receptae
425 2187 682 2229 Chaucorum
703 2187 917 2229 nationes'’
933 2184 1145 2241 Tacitique
1160 2186 1350 2232 vocibus:
1382 2185 1567 2238 „Chauci

182 2265 222 2303 in
255 2264 527 2307 commilitium
556 2265 791 2308 adsciti”—-
808 2265 1086 2318 intelligimus:
1119 2267 1254 2320 itaque
1277 2270 1317 2307 et
1337 2269 1567 2321 „receptae

180 2398 285 2446 lajas
314 2401 552 2440 chmel-mn
574 2434 576 2436 a
583 2402 800 2449 juventutis
830 2404 871 2439 et
904 2403 1006 2439 vires
1036 2404 1076 2438 et
1108 2403 1253 2447 copiam
1286 2404 1434 2446 laudan
1474 2402 1564 2446 quin

180 2468 290 2503 etlam
315 2470 462 2506 Plinius
489 2472 546 2506 his
571 2471 822 2514 scriptoribus
848 2470 1036 2506 assentire
1060 2470 1212 2505 videtur
1236 2470 1384 2504 dicens:
1408 2471 1476 2515 „et
1495 2471 1565 2505 hae

180 2537 316 2577 gentes
340 2536 377 2572 si
399 2537 605 2573 vtnoentu·
629 2537 739 2573 hodie
765 2546 789 2572 a
812 2538 953 2581 populo
969 2538 1137 2572 Romano
1163 2536 1308 2571 servire
1332 2545 1378 2571 se
1401 2535 1567 2571 dicunt.'’

259 2604 290 2642 ¹)
314 2605 551 2641 Germanica
565 2604 648 2640 und
658 2604 766 2639 seins
776 2605 989 2640 Bewohner
1005 2613 1079 2639 von
1095 2604 1248 2648 August
1263 2603 1445 2639 Benedict
1459 2602 1562 2638 Wil-

178 2666 273 2705 helm
298 2668 399 2714 ‚489
415 2674 460 2707 et
472 2670 547 2710 90st
563 2670 736 2709 wei-ar
748 2668 868 2707 11823.
