1792 3095
865 189 922 234 21

299 312 390 358 Jam
424 327 524 357 vero
557 312 829 370 quaerendum
863 310 1033 365 videtur,
1063 311 1132 355 ubi
1162 315 1339 357 minores
1361 314 1516 358 Chauci
1548 322 1590 358 et

208 395 384 448 majores
425 394 714 446 habitaverint,
756 406 834 448 qua
876 391 927 434 de
966 407 1011 435 re
1050 406 1194 446 magna
1230 396 1333 436 inter
1363 397 1588 450 scriptores

208 472 411 516 dissensio
444 474 659 517 invenitur.
722 470 984 518 Ptolemaeus
1017 474 1142 525 enim,
1183 477 1226 515 ut
1258 487 1307 515 ex
1337 474 1428 516 loco
1460 488 1588 531 supra

205 554 327 596 allato
359 554 527 607 intelligi
558 557 708 608 potest,
739 553 916 607 majores
949 552 1140 597 Chaucos
1172 554 1276 594 inter
1305 551 1513 608 Visurgim
1547 561 1588 597 et

138 639 140 641 ’
205 633 342 676 Albim
370 633 516 675 fluvios
548 631 777 674 habitantes
807 631 925 683 facit3
957 630 1123 674 Tacitus
1156 645 1253 674 vero
1286 631 1398 685 (ann.
1421 633 1584 678 lib.·X1.

205 727 240 757 c.
267 711 323 755 18
355 716 396 754 et
426 710 505 765 19)
543 712 720 767 majores
760 710 950 754 Chaucos
989 710 1211 754 Frisiorum
1257 713 1416 759 vicinos
1455 712 1585 756 fuisse

205 790 449 834 contendere
480 791 657 844 videtur,
697 790 804 834 unde
837 805 910 834 eos
942 793 1046 833 inter
1076 792 1273 833 Amisiam
1305 797 1346 833 et
1375 791 1583 846 Visurgim

202 871 348 914 fluvios
380 871 588 914 habitasse
610 875 792 927 apparet,
824 884 927 927 quae
947 871 1039 914 loca
1059 869 1285 913 secundum
1305 862 1584 915 Ptolemaeum

203 951 435 994 incolebant
463 953 642 993 minores
674 949 843 993 Chauci.

292 1030 453 1087 Itaque,
493 1036 536 1073 ut
574 1035 726 1073 tantum
757 1031 973 1074 nonnullos
1006 1032 1228 1086 scriptores
1261 1043 1584 1083 commemorem,

203 1109 403 1153 Cluverus
424 1107 484 1164 ¹),
525 1110 736 1166 Spenerus
753 1107 815 1163 ²),
846 1111 1051 1165 Altingius
1068 1106 1109 1164 ³)
1141 1112 1421 1153 auctoritatem
1453 1110 1582 1153 Taciti

200 1191 331 1232 secuti
372 1192 476 1232 inter
506 1190 703 1233 Amisiam
744 1195 785 1232 et
814 1188 1022 1244 Visurgim
1062 1188 1253 1232 Chaucos
1292 1191 1469 1244 majores
1508 1204 1582 1245 po-

200 1274 319 1321 nunt3
362 1268 561 1311 Cellarius
601 1282 698 1311 vero
715 1265 758 1321 ⁴)
801 1274 841 1311 et
870 1266 1179 1321 Leibnitzius')
1222 1274 1263 1310 et
1291 1268 1524 1311 Junckerus
1541 1266 1582 1323 ⁸)

199 1347 436 1391 Ptolemaeo
468 1353 635 1391 auctore
670 1352 844 1390 utuntur.

289 1428 485 1484 Equidem
518 1428 701 1471 Tacitum
739 1429 1008 1472 certissimum
1044 1433 1249 1471 auctorem
1290 1434 1480 1483 secutus,
1521 1433 1581 1472 in-

200 1514 262 1551 ter
307 1509 504 1551 Amisiam
548 1507 836 1564 Visurgimque
883 1506 1091 1551 habitasse
1143 1507 1333 1551 Chaucos
1380 1510 1580 1564 majores,

199 1592 304 1631 inter
335 1589 539 1643 Visurgim
580 1603 678 1631 vero
719 1588 936 1643 Albimque
984 1589 1161 1631 minores
1200 1588 1400 1631 adversus
1438 1588 1579 1632 Ptole-

200 1682 354 1710 maeum
388 1682 550 1711 censeo.

289 1748 427 1802 Quare
459 1761 555 1789 vero
587 1749 629 1788 in
659 1748 763 1789 hanc
801 1749 1041 1789 sententiam
1074 1746 1357 1800 discesserim,
1397 1750 1580 1803 quamvis

198 1823 480 1881 Wiardaius⁷)
514 1833 554 1870 et
584 1828 650 1870 vel
672 1823 967 1881 Wilhelmus⁸)
1000 1830 1317 1871 controversiam
1352 1827 1403 1870 de
1435 1829 1512 1871 hac
1536 1842 1580 1871 re

197 1908 327 1950 levem
361 1921 457 1949 esse
490 1907 646 1959 dicant,
678 1907 855 1962 profiteri
888 1913 1021 1949 tamen
1053 1909 1195 1962 paucis
1228 1908 1295 1950 hic
1327 1907 1517 1951 conabor.

288 1986 437 2028 Narrat
475 1988 595 2039 igitur
635 1985 822 2038 Tacitus,
862 1987 953 2028 loco
998 2000 1122 2041 supra
1163 1985 1347 2039 laudato,
1388 1987 1578 2029 Chaucos

198 2064 301 2108 duce
334 2064 550 2108 Gannasco
582 2067 622 2107 in
653 2063 908 2108 Germaniam
940 2064 1169 2107 inferiorem
1202 2067 1371 2110 irruisse
1403 2065 1577 2122 indeque

277 2243 307 2282 ¹)
332 2239 540 2277 Cluverust
565 2241 765 2278 Germania
789 2240 942 2285 antiqua
965 2242 991 2278 1.
1009 2250 1043 2276 c.

273 2310 305 2349 ²)
332 2309 498 2351 spener:
521 2308 640 2342 Notit.
667 2308 800 2342 Germ..
817 2310 893 2343 ant.
918 2307 982 2343 lib.
999 2309 1062 2343 lv.
1089 2316 1122 2343 o.
1138 2307 1173 2344 4.

273 2377 306 2418 ⁸)
331 2376 478 2420 Altiug:
504 2376 589 2411 Not.
616 2375 741 2411 Germ.
763 2374 827 2410 int.
854 2377 882 2409 t.
897 2375 928 2409 1.
952 2384 987 2418 p.
1005 2373 1065 2410 42.

273 2447 306 2484 ⁴)
331 2443 538 2479 cellarius:
561 2444 648 2477 Not.
674 2443 754 2478 orb.
779 2445 856 2477 ant.
880 2442 946 2478 lib.
960 2442 1008 2477 ΙΙ.
1035 2452 1068 2478 c.
1088 2440 1123 2477 5.

273 2513 305 2552 ¹)
331 2510 520 2546 Leibnitz:
544 2509 682 2557 script.
707 2519 783 2546 rer.
808 2511 964 2546 brunsv.
990 2512 1016 2546 t.
1034 2511 1064 2545 Ι.
1088 2521 1123 2554 p.
1144 2509 1199 2546 ll.

273 2581 306 2619 ⁶)
331 2578 520 2614 Juncker:
544 2577 749 2621 anteit-mg
773 2580 849 2614 cet.
882 2589 918 2621 Ρ.
933 2576 969 2614 8.

274 2647 304 2686 ⁷)
330 2645 508 2682 wiardo:
533 2643 800 2682 Ostt‘riesische
825 2644 1059 2681 Geschichte.
1098 2644 1235 2682 Aurich
1247 2642 1367 2683 71791.

272 2713 303 2752 ⁸)
329 2712 526 2750 wilhelm:
553 2711 779 2750 Germanica
805 2715 878 2750 oet.
904 2722 938 2757 p.
960 2709 1038 2747 155.
