1792 3095
886 199 943 241 50

213 323 439 376 scriptores
473 323 781 371 constituimus,
814 320 974 374 probari
1008 322 1125 362 etiam
1158 321 1247 362 aevi
1279 318 1399 360 medii
1431 327 1599 372 geogra-

212 400 307 454 phia
340 398 609 441 annotandum
643 399 738 439 mihi
768 397 945 449 videtur3
979 411 1068 439 nam
1090 398 1174 450 ina,
1205 411 1309 453 quae
1330 399 1433 440 inter
1453 396 1623 439 West--

212 478 358 532 phalos
380 483 422 519 et
444 477 671 531 Ostphalos
693 479 771 518 sita
795 482 893 528 erat,
924 479 1037 529 regio
1068 477 1201 520 media
1222 482 1356 519 aetate
1378 477 1556 528 Angaria
1568 471 1599 526 ¹)

211 558 435 609 nominata,
483 555 591 597 haud
634 554 755 597 dubie
802 557 910 597 sicut
956 554 1185 610 „Engern”
1233 555 1407 611 populus
1454 567 1599 597 nomen

213 649 331 677 suum
363 636 617 688 Angrivariis
651 631 832 686 debet¹).

302 713 395 756 Jam
426 719 589 755 transeo
622 712 675 754 ad
707 712 976 766 Chasuarios‚
1007 727 1111 768 quos
1143 713 1366 756 secundum
1400 713 1599 766 Angriva-

212 796 297 836 rios
331 792 507 834 Chaucis
540 790 730 851 finitimos
763 790 893 833 fuisse
926 797 1036 846 puto.

305 866 582 923 Chasuaros³)
616 870 743 911 semel
773 874 926 911 tantum
950 869 1117 911 Tacitus
1150 875 1436 911 commemorat
1458 869 1599 911 dicens

212 950 373 1004 (Germ.
397 949 476 1001 34)
508 949 811 1001 „Angrivarios
845 953 885 990 et
917 948 1147 991 Chamavos
1188 962 1211 991 a
1243 954 1356 1003 tergo
1389 947 1598 1001 Dulgibini

214 1036 254 1071 et
286 1029 484 1072 Chasuari
515 1026 683 1068 cludunt
713 1027 896 1081 aliaeque
928 1032 1072 1080 gentes
1109 1027 1218 1069 haud
1249 1027 1417 1083 perinde
1449 1040 1599 1069 memo-

211 1115 344 1160 ratae3
378 1122 402 1149 a
434 1107 566 1148 fronte
598 1105 720 1147 Frisii
754 1106 996 1160 excipiunt.'’

304 1187 537 1238 Angrivarii
578 1190 619 1226 et
652 1183 846 1225 Chamavi
886 1198 1006 1236 vero,
1049 1185 1194 1239 quibus
1235 1188 1392 1227 vicinos
1431 1184 1598 1227 Tacitus

212 1263 333 1305 modo
365 1262 528 1304 laudato
560 1263 651 1302 loco
676 1261 912 1304 Chasuaros
935 1269 1140 1314 memorat,
1174 1263 1445 1317 praecedente
1467 1266 1598 1318 capite

211 1342 499 1383 Bructerorum
533 1341 821 1380 exstinctorum
854 1339 979 1381 sedes
1001 1343 1183 1382 tenuisse
1204 1347 1425 1383 narrantur.
1463 1341 1598 1394 Quum

212 1426 347 1462 tamen
378 1440 439 1447 —
471 1424 514 1458 ut
546 1432 670 1472 supra
704 1417 875 1458 diximus
905 1441 966 1447 —
991 1418 1214 1460 Bructeros
1246 1433 1497 1473 nequaqnam
1530 1434 1599 1459 ex-

211 1501 361 1540 tinctos
394 1499 434 1538 in
465 1498 553 1538 suis
585 1497 878 1551 antiquissimis
911 1495 1080 1538 sedibus
1112 1498 1315 1539 mansisse
1346 1502 1520 1549 constet,
1551 1511 1599 1538 ex

212 1591 300 1618 mea
342 1578 530 1629 opinione
570 1588 643 1628 per
674 1575 942 1627 Angrivarios
984 1580 1024 1615 et
1056 1574 1287 1616 Chamavos
1320 1575 1505 1616 Bructeri
1538 1577 1598 1615 in-

211 1653 420 1709 telligendi
459 1658 574 1704 sunt,
616 1658 659 1694 ut
698 1651 751 1694 ad
785 1651 1007 1694 Chasuaris
1044 1652 1169 1694 sedes
1202 1652 1471 1705 assignandas
1504 1667 1596 1707 pro-

211 1736 305 1787 pius
337 1730 595 1772 accedamus.
644 1729 830 1770 Bructeri
862 1734 994 1770 autem
1027 1735 1249 1784 utramque,
1282 1735 1326 1771 ut
1357 1730 1458 1773 infra
1483 1729 1598 1772 vide-

210 1811 360 1861 bimus,
391 1810 574 1850 Amisiae
606 1807 807 1849 inferioris
840 1809 966 1861 ripam
999 1807 1240 1850 incolebant.

293 1960 321 1997 ¹)
348 1957 503 2004 Falcke,
529 1957 620 1992 God.
637 1958 750 1992 Trad.
768 1956 881 1992 Corb.
908 1957 1073 2001 Wigand
1105 1958 1261 2001 Vehmg.
1276 1958 1449 2000 westph.
1467 1967 1500 2000 p.
1516 1955 1597 1992 168.

289 2026 321 2063 ²)
348 2026 463 2057 Nemo
481 2024 625 2066 quidem
644 2022 873 2068 Wersebejo
893 2024 1122 2067 consentiet,
1147 2023 1223 2067 qui,
1241 2032 1379 2058 meram
1396 2021 1596 2068 conjectu-

208 2100 289 2126 ram
313 2090 458 2124 faciens
484 2092 575 2124 haec
601 2090 692 2124 dicit
718 2091 883 2130 (volitet
906 2093 979 2125 cet.
1004 2089 1163 2133 p.130):
1190 2091 1332 2134 „Unter
1357 2091 1425 2125 der
1451 2092 1597 2124 Benen-

209 2165 332 2199 nung:
359 2158 524 2201 Engern,
548 2159 718 2201 Angern,
742 2158 904 2202 Angeln‚
930 2157 1061 2191 wurde
1084 2156 1145 2191 ein
1170 2157 1270 2191 Laud
1297 2156 1388 2190 oder
1413 2157 1472 2191 ein
1500 2156 1597 2190 volk

210 2223 452 2266 angedeutet,
477 2223 545 2256 das
570 2222 652 2256 sich
673 2221 869 2257 zwischen
892 2223 1035 2256 andern
1056 2222 1096 2257 in
1113 2223 1182 2256 der
1196 2222 1305 2256 Mitte
1327 2223 1419 2256 oder
1434 2224 1540 2265 Euge
1551 2221 1593 2265 (1)

210 2289 380 2322 befand.”
404 2287 472 2323 Cui
489 2288 701 2323 sententiae
719 2288 831 2323 etiam
846 2289 957 2323 Ferd.
970 2288 1110 2324 Mt'iller
1127 2288 1202 2332 (die
1218 2289 1424 2323 deutschen
1433 2289 1596 2323 Stimme

208 2356 283 2389 und
310 2354 389 2389 ihre
413 2353 591 2388 Fiirsten.
630 2355 755 2389 Berlin
783 2353 889 2390 1841.
919 2355 970 2390 11.
993 2365 1029 2398 p.
1045 2352 1135 2397 425)
1161 2359 1361 2399 repugnat.

287 2424 318 2460 ³)
345 2420 547 2464 chamari,
572 2421 682 2463 Tac.;
714 2419 979 2470 Χαπουάριοι,
1003 2421 1139 2455 Strabo
1165 2421 1248 2455 vll.
1273 2421 1304 2462 Ι,
1322 2423 1356 2463 s.
1372 2418 1489 2462 3-43
1514 2422 1595 2460 Ka,-

208 2485 368 2536 σουάροι,
385 2487 542 2521 Ptolem.
558 2486 609 2532 11,
624 2485 690 2528 113
715 2486 891 2532 Attuarii,
910 2484 1040 2531 Villej.
1053 2484 1341 2531 Paterc.11‚105
1360 2489 1400 2520 et
1417 2485 1595 2520 Ammian-

206 2554 419 2589 Marcellin.
444 2554 536 2598 XX,
564 2551 631 2596 103
666 2553 860 2588 chatuarii
886 2556 990 2593 (ann.
1017 2556 1054 2588 S.
1070 2554 1227 2589 Amandi
1251 2554 1297 2588 ad
1323 2562 1382 2586 an.
1400 2550 1472 2586 715
1497 2553 1593 2594 apud

206 2621 322 2654 Pertz
349 2622 448 2654 Mon.
465 2620 589 2654 Germ.
614 2620 655 2653 Τ.
673 2620 702 2652 1.
728 2629 764 2662 p.
782 2616 821 2661 6)
830 2629 843 2661 ς
871 2619 1040 2653 Hatuarii
1067 2622 1171 2660 (ann.
1189 2619 1260 2653 Til.
1282 2626 1340 2661 ap.
1358 2618 1470 2652 Pertz
1496 2619 1594 2653 Mon.

208 2687 330 2721 Germ.
356 2687 397 2720 T.
413 2686 442 2719 1.
469 2695 503 2727 p.
520 2684 582 2728 7)3
617 2686 818 2721 Hazzoarii
846 2685 947 2729 (ann.
974 2686 1103 2721 Petav.
1130 2696 1190 2728 ap.
1217 2682 1361 2727 Pertz).
