1792 3095
1344 72 1404 113 ,ᾖ

847 155 905 198 69

277 277 418 333 Itaque
450 280 487 320 si
518 291 615 319 vera
648 281 712 322 est
742 278 942 319 sententia
981 290 1069 319 mea
1101 276 1219 319 modo
1259 278 1417 333 prolata
1448 291 1496 319 ac
1529 281 1565 319 si

187 356 442 413 rependeris3
476 370 687 413 quousque
710 355 863 398 Chauci
893 355 1097 399 meridiem
1121 370 1267 399 versus
1290 359 1568 412 processerint

188 450 268 477 non
296 438 371 478 erit
401 450 473 477 cur
502 434 553 476 (le
584 435 676 475 loco
704 435 772 476 illo
802 434 922 476 Plinii
955 434 1157 476 dubitetur
1186 434 1377 490 dicentis:
1412 435 1565 488 „Aliud

190 531 212 557 e
251 516 365 558 silvis
404 514 657 556 miraculum:
688 496 829 556 Quam
868 514 1060 570 reliquam
1102 514 1357 557 Germaniam
1396 516 1566 570 replent,

189 593 419 649 adduntque
450 592 588 647 frigori
624 591 806 636 umbras:
847 593 1237 668 altissimaefftamen
1278 593 1385 636 haud
1425 594 1566 649 procul

189 687 313 729 supra
344 672 464 715 dictis
487 672 678 726 Chaucis,
712 675 819 734 circa
851 673 953 715 duos
979 676 1196 729 praecipue
1227 674 1341 716 lacus
1358 707 1369 719 .
1389 706 1398 717 .
1419 674 1450 717 .”
1463 670 1493 728 ¹)
1527 679 1567 715 et

188 754 390 794 assentior
408 751 599 793 Kufahlio
631 753 746 795 lacus
778 761 851 795 eos
884 748 1250 795 esseffixistimanti
1280 753 1566 795 Duemmerum

191 837 231 873 et
263 828 633 886 Steinhuderum'),
667 834 735 888 qui
766 831 889 874 hodie
920 832 1184 887 appellantur.

192 990 255 1033 (in
280 992 355 1025 ant.
381 991 470 1025 stat.
494 989 652 1024 nelmst.
685 999 720 1032 p.
745 986 794 1025 69
817 990 856 1024 et
879 987 968 1033 70),
1004 990 1050 1024 ad
1082 989 1254 1024 Chaucos
1288 986 1451 1033 majores
1485 997 1569 1023 cum

189 1057 448 1101 pertinuerint,
464 1059 687 1103 Bremenses
705 1080 854 1092 ......
872 1054 1189 1099 Brunsvicenses,
1216 1057 1570 1099 Helberstadcnscs,

190 1125 559 1169 magdeburgenses,
598 1124 880 1160 marchionatus
922 1125 1063 1159 veteris
1104 1123 1427 1166 Brandenburgici
1467 1132 1569 1157 nunc

191 1190 281 1225 dict-i
313 1191 440 1234 populi
469 1191 648 1226 fortas-is
682 1193 728 1226 ad
753 1192 877 1225 Salam
906 1192 1055 1234 usque'’
1071 1214 1080 1224 .
1102 1214 1112 1225 .
1131 1214 1141 1224 .
1158 1214 1168 1224 .
1193 1199 1266 1224 nec
1291 1190 1413 1224 minus
1439 1190 1570 1223 Dank-

191 1257 390 1301 warinum,
423 1257 485 1301 qui
511 1259 604 1292 haec
628 1257 787 1301 protulit
820 1257 1244 1303 (CasparDankwarffl
1277 1266 1373 1292 neue
1398 1257 1569 1291 Laudes-

191 1311 470 1367 be'schreibung
494 1334 528 1366 p.
546 1321 633 1365 37):
660 1326 772 1368 „Nun
822 1324 858 1358 ie
884 1324 1025 1359 Chauci
1051 1324 1170 1358 haben
1195 1333 1267 1358 zur
1292 1323 1377 1357 zeit
1402 1325 1467 1357 des
1493 1324 1570 1357 Ta-

191 1389 291 1425 citus
323 1389 410 1425 inne
442 1390 602 1433 gehabt:
635 1390 755 1426 Ostfri
816 1391 886 1426 and
906 1414 1108 1426 ........
1141 1393 1355 1435 Stormarn,
1387 1389 1569 1434 nolstein,

192 1456 426 1501 Dltmarsem
458 1456 671 1490 Eiderstedt
702 1458 783 1491 und·
811 1456 872 1491 die
906 1457 1110 1500 Gegenden
1143 1465 1191 1491 an
1224 1459 1291 1492 der
1324 1458 1461 1492 Osteee
1494 1465 1567 1490 von

193 1522 274 1556 Kiel
300 1522 357 1556 bis
383 1524 484 1556 etwa
508 1522 738 1557 Schleswich
756 1546 765 1556 .
784 1546 792 1556 .
810 1523 847 1556 .”

272 1589 299 1631 ¹)
323 1589 417 1623 Plin.
441 1589 475 1623 h.
500 1598 536 1622 n.
561 1589 670 1633 XVI,
693 1587 729 1623 2.

271 1655 301 1698 ¹)
327 1655 482 1690 Rufahlz
507 1656 733 1691 Geschichte
758 1657 825 1692 der
849 1655 1061 1690 Deutschen
1088 1666 1123 1699 p.
1143 1653 1224 1691 196.
