1792 3095
885 209 941 252 12

227 328 334 385 qnod
372 328 424 371 ad
457 329 659 377 Chaucos,
685 332 801 386 ipsos
839 331 1003 382 attinet,
1041 328 1144 371 nihii·
1180 327 1365 371 traditum
1407 329 1603 381 invenies,

224 409 490 453 nihilo-minus
527 409 702 467 populos
754 408 908 462 fuisse,
957 411 1023 464 qni
1063 411 1103 451 in
1143 407 1397 454 Chaucorum
1437 423 1603 451 numero

225 490 427 532 sociorum
463 489 642 552 habendi
674 492 777 544 sint,
818 488 1032 533 contendo.
1085 488 1206 531 Alios
1237 488 1395 544 quidem
1429 490 1603 545 populos

224 571 462 625 potentioris
482 572 656 613 nationis
679 567 890 624 cujusdam
913 569 1041 612 fuisse
1059 570 1215 621 socios,
1232 573 1433 610 testantur
1450 568 1605 611 Caesar

226 653 266 690 et
297 647 477 692 Tacitus.
540 648 614 691 Sic
646 663 684 695 e.
716 662 757 704 g.
796 649 892 692 Ubii
924 661 1028 691 anno
1062 647 1120 690 54
1153 662 1190 693 a.
1212 646 1308 690 Chr.
1333 661 1372 689 n.
1405 661 1429 689 a
1454 646 1603 690 Suevis

225 725 424 784 oppressi,
459 728 674 773 Caesarem
707 727 933 772 Romanum
966 727 1018 771 ad
1050 728 1236 771 auxilinm
1259 723 1499 780 vocarunt¹)
1532 740 1603 783 pa-

224 808 380 863 triaque
412 808 638 862 Germania,
671 823 803 866 quum„
824 808 956 855 denno
990 823 1013 851 a
1047 808 1198 850 Suevis
1230 813 1508 863 premerentur
1537 822 1603 849 re-

225 886 332 940 licta,
349 887 609 932 fideiissimos
624 903 672 932 se
688 888 1121 940 sociosRomanornm,
1133 888 1258 931 sedes
1276 887 1604 943 praesidiumque

224 968 386 1021 petituri
398 964 645 1020 w-fecemnt’).
694 966 847 1010 Eodem
871 965 990 1008 modo
1013 965 1183 1019 Treviri,
1213 966 1369 1019 Nervii,
1402 966 1604 1017 Aduatici,

225 1045 451 1098 client-ibus,
483 1051 529 1088 ut
558 1042 757 1100 Caesar⁸)
790 1051 967 1098 annotat,
999 1045 1226 1098 utebantur,
1261 1045 1500 1100 Cher-osque
1532 1044 1604 1086 ha-

222 1121 364 1174 huisse
385 1125 523 1167 socios
541 1122 706 1167 Tacitus
715 1121 751 1177 ⁴)
771 1130 1057 1167 commemorat
1078 1130 1200 1179 atque
1215 1123 1350 1166 Fosos
1370 1124 1603 1166 Cherusco-

223 1215 309 1243 rum
341 1205 479 1245 socios
509 1200 576 1246 vel
607 1203 730 1247 rebus
763 1203 950 1247 adversis
981 1204 1185 1246 mansisse
1216 1205 1434 1246 memoriae
1465 1201 1601 1245 tradit.

315 1282 426 1336 Quid
456 1285 576 1337 igitur
607 1297 683 1325 nos
715 1283 895 1338 impedit,
928 1286 1140 1338 quominus
1172 1284 1341 1325 similem
1365 1285 1603 1325 societatem

225 1362 343 1403 eiiam
374 1360 483 1416 apud
515 1360 706 1405 Chaucos
739 1362 946 1405 exstitisse
976 1359 1236 1416 pntemusff?

302 1518 333 1556 ¹)
356 1515 500 1552 Caesar
532 1517 577 1551 de
607 1517 710 1553 bello
736 1516 884 1553 Gallico
914 1517 978 1552 lib.
1002 1518 1067 1560 IV,
1094 1526 1128 1551 c.
1154 1514 1219 1552 16:
1251 1515 1332 1552 Ubii
1362 1518 1506 1561 autem,
1538 1516 1601 1561 qui

224 1582 289 1618 uni
312 1591 360 1617 ex
385 1583 670 1618 transrhenanis
695 1584 741 1617 ad
768 1582 969 1618 Caesarem
993 1584 1144 1626 legatos
1170 1582 1372 1625 miserant,
1404 1583 1602 1618 amicitiam

221 1649 403 1695 fecerant,
428 1649 577 1685 obsides
603 1650 798 1695 dederant,
822 1657 1050 1693 magnopere
1077 1649 1248 1694 orabant,
1274 1651 1318 1684 ut
1336 1648 1407 1684 sibi
1425 1649 1603 1685 auxilium

221 1715 352 1761 ferret,
376 1717 473 1759 quod
499 1716 670 1760 graviter
693 1726 717 1752 a
741 1716 874 1751 suevis
900 1718 1162 1758 premerentur
1188 1717 1261 1750 etc.
1295 1715 1402 1750 conf.
1420 1716 1488 1751 Dio
1506 1716 1603 1752 Cas-

221 1780 303 1816 sius
328 1781 416 1826 Cap.
433 1782 616 1827 xxxix,
630 1781 691 1818 48.

300 1850 332 1890 ³)
356 1850 447 1885 Tac.
472 1849 568 1885 nist.
587 1850 655 1895 lv,
671 1847 736 1885 28:
760 1873 769 1884 .
788 1874 797 1884 .
814 1851 925 1885 actae
950 1850 1150 1892 utrobique
1175 1850 1338 1892 praedae
1360 1849 1539 1885 infestius
1564 1850 1602 1885 in

220 1915 336 1961 Ubiis,
361 1917 460 1960 qnod
484 1915 722 1961 germanicae
747 1916 904 1960 originis
929 1914 1079 1961 ejurata
1096 1915 1231 1961 patria,
1257 1916 1508 1953 Romanorum
1530 1927 1602 1953 no-

219 1983 317 2024 mine
343 1982 637 2027 Agrippinenses
672 1985 914 2019 vocarentur.
945 1983 1000 2018 cf.
1027 1984 1131 2017 Suet.
1156 1983 1341 2018 Octavian
1373 1993 1408 2019 c.
1430 1982 1489 2020 21.

298 2050 330 2089 ⁸)
356 2048 499 2085 Caesar
530 2050 633 2087 deb.
659 2059 697 2095 g.
721 2051 787 2095 lv,
813 2059 846 2085 c.
863 2047 904 2086 6:
938 2051 1020 2091 Qua
1044 2058 1113 2096 spe
1137 2050 1289 2085 adducti
1304 2073 1424 2086 .....
1450 2051 1488 2087 in
1513 2050 1601 2088 finis

220 2115 434 2151 Eburonum
460 2118 499 2151 et
524 2115 827 2161 Condrusorum,
853 2116 915 2160 qui
940 2119 1031 2151 sunt
1054 2117 1275 2151 Treviorum
1301 2116 1478 2161 clientes,
1509 2127 1600 2161 per-

222 2184 416 2217 venerant.
451 2182 501 2228 V,
524 2192 557 2218 c.
573 2179 640 2219 39:
667 2206 676 2217 .
703 2207 712 2218 .
739 2207 749 2217 .
774 2182 830 2218 bis
857 2181 1139 2227 circumventis,
1165 2190 1300 2226 magna
1325 2192 1435 2219 mann
1453 2185 1601 2221 Eburo-

219 2256 307 2294 nes,
341 2248 487 2295 Nervii,
518 2250 705 2286 Aduatuci
737 2252 851 2295 atque
881 2250 1010 2286 horum
1042 2249 1202 2286 omnium
1235 2249 1331 2286 socii
1356 2252 1394 2286 et
1417 2251 1602 2299 legiones,

218 2314 406 2358 legionem
436 2326 657 2361 oppugnare
680 2317 874 2360 incipiunt.

296 2384 330 2422 ⁴)
346 2384 444 2418 Tao-
469 2391 556 2418 ann.
573 2382 629 2428 11,
647 2381 717 2418 45:
746 2382 870 2427 Igitur
894 2392 969 2418 non
995 2384 1103 2418 modo
1128 2383 1313 2419 Cherusci
1337 2384 1507 2428 sociique
1532 2393 1600 2419 eo-

218 2456 300 2484 rum
327 2452 400 2484 cet.
450 2447 580 2486 Germ.
604 2458 638 2486 c.
661 2447 728 2486 36:
753 2474 763 2486 .
789 2474 798 2485 .
824 2449 964 2488 Tracti,
982 2449 1093 2486 ruina
1126 2448 1402 2488 Cheruscorum
1435 2454 1474 2487 et
1497 2451 1601 2497 Fosi,

219 2516 451 2552 contermina
476 2525 591 2562 gens:
615 2518 861 2554 adversarum
884 2526 1011 2554 rerum
1036 2526 1084 2554 ex
1110 2526 1232 2563 aequo
1250 2518 1345 2554 socii
1361 2520 1466 2564 sunt,
1490 2527 1601 2562 quum

217 2581 255 2616 in
281 2583 458 2620 secundis
483 2584 649 2620 minores
674 2584 853 2621 fuissent.

296 2652 327 2689 ⁵)
354 2659 389 2686 v.
413 2650 622 2688 wersebe:
652 2653 772 2688 Ueber
805 2653 864 2688 uie
896 2651 1041 2688 volker
1070 2653 1143 2686 etc.
1183 2652 1339 2688 eandem
1377 2653 1599 2688 sententiam

217 2717 374 2760 protulit
398 2727 435 2762 p.
452 2717 497 2755 4:
525 2720 781 2768 „ansanum
806 2717 931 2757 finden
956 2719 1036 2755 sich
1061 2719 1152 2757 aber
1175 2721 1271 2757 auch
1294 2722 1441 2766 spuren
1465 2720 1602 2766 daven,
