1792 3095
863 187 918 232 12

285 309 372 353 Sed
402 310 483 363 jam
507 308 698 353 Chaucos
729 309 781 352 ad
808 310 995 353 Rhenum
1026 309 1189 353 fluvium
1221 312 1455 355 accolentes
1488 316 1578 358 mit-

194 393 345 441 tamus,
384 393 602 444 propterea
641 387 769 445 quod,
810 402 914 445 quae
948 388 1001 434 de
1034 403 1172 434 eorum
1204 389 1385 435 sedibus·
1408 391 1578 440 diceudo

193 475 302 522 sunt,
333 468 386 511 ad
416 468 520 513 fines
554 468 823 522 Chaucorum,
855 472 923 524 qui
955 468 1062 513 domi
1094 476 1385 523 remanserunt,
1422 471 1579 519 deseri.

193 548 365 601 herulos,
396 549 495 593 nihil
527 547 725 594 adferunt.

284 629 500 683 Reliquum
533 633 598 670 est
629 634 672 671 ut
694 627 904 672 videamus
926 629 980 672 ad
1003 630 1168 672 alteram
1190 634 1347 684 partem
1373 631 1578 684 quaestio-

194 711 270 761 nis,
303 722 421 764 quam
453 721 579 763 supra
599 710 825 762 posuimus,
856 707 910 752 ad
931 708 1051 752 finem
1073 707 1578 764 perducendamsnomine

193 789 450 833 Chaucorum
472 790 553 833 sint
575 788 858 844 comprehensi
880 793 1009 831 utrum
1033 789 1172 844 plures
1194 789 1333 845 populi
1353 803 1406 836 an
1426 794 1577 836 lautum

194 884 273 913 una
303 881 420 923 gens.

283 949 392 991 Dum
431 949 535 989 enim
568 946 736 989 Tacitus
768 949 928 989 nonnisi
959 946 1183 999 „Chauci”
1216 953 1257 991 et
1287 947 1578 999 „Chaucorum

192 1029 323 1082 gens''
356 1025 567 1069 vocabulis
599 1027 735 1078 utitur,
768 1024 927 1067 Plinius
948 1024 1007 1080 (h.
1024 1040 1066 1068 n.
1089 1024 1157 1069 lib.
1172 1023 1290 1078 XVI,
1314 1026 1337 1067 l
1363 1030 1404 1068 et
1424 1024 1579 1077 lib.IV‚

193 1103 274 1157 28)
307 1105 472 1151 verbum
503 1106 714 1158 „gentes”
738 1103 983 1146 Paterculus
1015 1104 1105 1155 (lib.
1126 1102 1179 1156 ΙΙ,
1211 1119 1247 1148 c.
1274 1103 1381 1157 1⁰6)
1413 1104 1577 1156 „Chau-

194 1198 330 1226 corum
363 1183 577 1225 nationes”
610 1187 650 1223 et
680 1181 974 1233 „Chaucorum
1008 1181 1179 1235 duces,”
1218 1182 1417 1225 Aelianus
1450 1180 1577 1236 Spar-

192 1266 326 1307 tianus
358 1262 439 1317 (D.
471 1261 633 1305 Juliano
667 1276 702 1305 c.
736 1260 781 1313 1)
814 1261 1106 1314 „Chaucorum
1145 1262 1312 1317 populi”
1344 1275 1469 1304 voces
1506 1261 1578 1305 ad-

192 1343 352 1394 hibent,
392 1340 500 1383 unde
538 1343 641 1382 satis
674 1345 815 1395 aperte
847 1342 964 1395 sequi
997 1339 1175 1393 videtur,
1214 1345 1257 1383 ut
1289 1339 1467 1383 Chaucis
1498 1342 1578 1382 sint

193 1423 331 1477 plures
365 1421 504 1475 populi
537 1419 823 1462 adnumerandi
834 1433 845 1470 3
884 1422 951 1473 qui
983 1424 1116 1461 tamen
1147 1420 1189 1462 hi
1219 1419 1379 1471 fuerint,
1411 1424 1579 1474 propter

191 1505 370 1543 veterum
403 1500 647 1552 scriptorum
680 1499 872 1540 incuriam
907 1497 985 1539 dici
1018 1500 1168 1552 nequit.

283 1577 482 1632 Equidem
523 1590 620 1618 vero
670 1589 843 1628 censeo,
895 1575 1150 1618 Chaucorum
1194 1589 1340 1618 nomen
1380 1577 1578 1631 triplicem

192 1656 526 1712 significationem
574 1654 784 1698 habuisse.
857 1653 1036 1708 Vigebat
1084 1656 1188 1697 enim
1228 1654 1423 1710 quaedam
1462 1669 1578 1710 gens,

192 1738 255 1777 cui
289 1750 387 1790 prae
421 1736 570 1775 ceteris
603 1734 682 1774 hoc
713 1746 859 1773 nomen
892 1732 1146 1774 tribuendum
1169 1738 1245 1785 est,
1278 1747 1395 1788 quam
1418 1739 1577 1787 g'entem

188 1812 505 1868 „Stammoolk”
537 1814 767 1867 germanice
798 1813 1097 1857 nominaverim.
1144 1811 1364 1856 Praeterea
1386 1814 1576 1869 parvulas

190 1897 376 1937 nationes
409 1891 666 1933 Chaucorum
705 1893 867 1932 nomine
904 1904 1000 1933 esso
1032 1904 1152 1943 usas,
1191 1905 1282 1932 cum
1313 1893 1464 1947 populo
1494 1894 1576 1933 ori-

191 1968 390 2027 ginario¹)
422 1971 584 2012 vinculo
618 1968 829 2013 societatis
862 1970 1035 2025 quodam
1068 1971 1326 2025 conjunctas,
1359 1971 1576 2013 verisimile

191 2057 266 2094 esi.
321 2049 408 2091 Has
440 2051 638 2099 nationes,
672 2062 775 2103 quae
806 2049 987 2104 periculo
1020 2047 1192 2104 quodam
1215 2050 1443 2091 imminente
1465 2052 1576 2091 auxi-

189 2132 284 2171 lium
318 2127 645 2184 praesidiumque
678 2128 876 2181 petiturae
908 2140 956 2168 se
989 2125 1167 2168 Chaucis
1199 2127 1464 2181 applicarunt,
1502 2141 1576 2169 vo-

192 2209 365 2249 caverim
399 2207 551 2247 socios.
598 2204 688 2245 Jam
723 2218 771 2245 ex
803 2204 950 2258 quibus
983 2204 1161 2246 fontibus
1192 2205 1408 2258 hauserim,
1441 2189 1575 2248 Chau-

191 2289 250 2329 cis
273 2286 403 2327 fuisse
424 2285 578 2336 socios,
608 2288 774 2339 quaerat
796 2285 1007 2339 quispiam.
1056 2283 1123 2327 De
1145 2298 1225 2340 qua
1244 2299 1302 2338 re,
1324 2300 1575 2341 quamquam,

189 2424 293 2460 nisse
324 2423 392 2457 des
425 2423 530 2456 alten
556 2422 845 2456 Deutschlands.
885 2423 1088 2456 Hannover
1116 2419 1220 2458 1826.
1249 2432 1285 2465 p.
1304 2422 1390 2459 101:
1416 2445 1426 2456 .
1445 2446 1454 2457 .
1472 2446 1481 2457 .
1500 2446 1509 2457 .
1531 2424 1574 2457 Iu

190 2491 334 2525 diesem
359 2491 503 2525 Raume
528 2488 681 2523 konnen
714 2497 790 2523 nun
819 2489 910 2523 aher
935 2488 1011 2523 alle
1035 2489 1306 2533 angegebenen
1324 2490 1477 2525 volker
1503 2499 1574 2525 un-

187 2557 351 2600 moglich
377 2556 559 2599 gewohnt
584 2555 713 2599 haben,
739 2555 1012 2590 insbesondere
1037 2554 1096 2590 dle
1115 2555 1294 2591 chauken
1319 2556 1434 2600 nicht,
1460 2557 1573 2591 deren

189 2622 418 2659 Wohnsitze
446 2622 642 2658 zwischen
669 2623 736 2657 der
761 2623 847 2656 Ems
873 2622 948 2656 und
972 2622 1067 2658 Elbo
1092 2623 1363 2658 unbezweifelt
1388 2622 1484 2658 sind.

271 2692 300 2730 ¹)
325 2689 457 2725 Liceat
480 2689 569 2724 mihi
594 2689 792 2725 brevitatis
817 2697 937 2725 causa
960 2690 1030 2725 hoc
1058 2690 1173 2725 verbo
1198 2690 1266 2725 uti.
