1792 3095
820 199 876 241 52

248 317 407 374 Quodsi
440 332 514 375 per
544 323 733 371 montem,
765 322 831 374 qui
857 334 881 361 a
903 318 1139 361 Ptolemaeo
1163 322 1333 360 vocatur
1354 315 1539 369 Abnoba,

154 400 263 440 iilum
297 399 458 449 saltum,
491 412 569 452 quo
603 404 708 438 terra
742 397 917 439 Hessica
950 411 972 438 a
996 397 1262 452 VVestphaiia
1293 392 1540 447 div'i'di't‘u'r'),

152 491 227 531 per
249 472 456 530 Suevos¹)
490 482 621 518 autem
647 476 818 518 Chattos
850 476 1124 529 intelligimus,
1156 476 1222 517 hic
1253 475 1369 516 locus
1396 474 1539 515 e'Pto-

152 556 310 596 lemaeo
352 555 499 596 allatus
532 556 572 594 in
606 553 752 606 sedes,
793 568 894 609 quas
928 553 1149 596 Chasuaris
1183 553 1385 595 Strabone
1414 550 1540 593 Taci-

152 640 277 687 toque
316 633 553 674 auctoribus
595 632 917 685 designavimus,
956 635 1108 687 optime
1148 632 1317 686 quadrat
1352 628 1540 684 nec'j'am

155 710 316 751 dubium
352 716 439 762 est,
480 713 574 764 quin
607 709 806 752 Chasuari
841 724 967 765 prope
998 710 1150 751 Hasam
1181 709 1344 750 fluvium
1384 708 1539 750 habita-

154 791 285 829 verint
316 789 366 829 ab
401 788 566 828 meridie
600 789 780 839 Chattis,
812 789 862 829 ab
896 790 1049 829 oriente
1080 788 1310 839 Bructeris,
1348 788 1398 829 ab
1431 789 1537 827 occi-

156 866 277 908 dente
322 868 594 921 Angrivariis,
633 882 656 910 a
688 869 963 922 septentrione
1007 865 1185 908 Chaucis
1224 865 1389 910 finitimi.
1451 864 1540 907 Hoc

156 949 275 987 etiam
310 945 429 986 medii
463 948 552 986 aevi
586 945 832 1000 geographia
867 946 1131 1000 comprobare
1163 944 1341 995 videtur3
1378 939 1540 985 nam'in

154 1025 220 1065 his
253 1023 485 1077 regionibus
519 1036 647 1086 pagus
685 1023 845 1078 quidam
886 1023 1173 1078 „Hasengau”
1213 1025 1439 1066 nominatus
1473 1028 1540 1065 ex-

155 1104 271 1153 stitit,
304 1116 420 1155 quem
455 1115 477 1142 a
509 1100 733 1142 Chasuaris
767 1116 911 1142 nomen
944 1102 1117 1143 traxisse
1151 1101 1344 1143 credibile
1377 1097 1496 1154 est⁸).

249 1179 336 1221 Sed
375 1178 426 1220 ad
457 1178 681 1220 Bructeros
706 1175 741 1231 ⁴)
781 1185 1056 1231 transeamus,
1097 1180 1274 1221 Chaucis
1318 1177 1539 1222 secundum

155 1256 404 1300 Chasuarios
443 1257 657 1309 finitimos,
698 1256 749 1299 de
788 1272 866 1313 quo
911 1258 1061 1313 populo
1101 1257 1287 1313 Leopoid
1325 1257 1376 1299 de
1407 1255 1541 1299 Lede-

156 1337 297 1377 burius
329 1339 370 1376 in
401 1336 538 1376 libello
572 1337 654 1387 illo,
687 1350 812 1390 saepe
845 1351 867 1377 a
900 1350 963 1378 me
994 1336 1172 1388 laudato,
1205 1338 1271 1391 qui
1293 1336 1541 1377 inscribitur:

155 1414 246 1455 Das
278 1413 394 1454 Land
425 1412 508 1454 und
531 1412 639 1454 Volk
673 1413 745 1455 der
764 1413 983 1456 Bructerer
1018 1436 1072 1445 --
1100 1414 1365 1456 subtiiissime
1398 1420 1438 1455 et
1470 1412 1542 1454 do-

158 1495 340 1535 ctissime
374 1491 608 1545 disputavit,
639 1493 695 1533 ita
727 1499 771 1533 ut
803 1494 930 1546 primo
963 1499 1134 1547 aspectu
1167 1493 1362 1547 quaeque
1383 1490 1433 1532 de
1454 1492 1542 1532 'hoc

155 1571 308 1625 populo
350 1569 578 1624 disquisitio
623 1568 826 1624 superflua
868 1584 963 1612 esse
1006 1570 1200 1613 videatur.
1272 1572 1416 1624 Quum·
1445 1582 1541 1611 vero

156 1648 234 1689 alia
282 1649 376 1688 mihi
423 1648 715 1697 Germanorum
767 1654 948 1690 veterum
994 1648 1129 1689 finium
1171 1638 1542 1690 constituendorum
1583 1656 1585 1658 '

157 1728 259 1767 ratio
300 1740 348 1767 ac
379 1725 608 1767 Ledeburio
648 1728 701 1766 sit
740 1724 913 1779 ideoque
950 1725 1136 1768 diversae
1167 1726 1542 1768 nobissententiae

159 1803 353 1854 evadant,
405 1809 444 1844 et
483 1803 769 1844 Bructerorum
820 1803 944 1844 sedes
993 1818 1041 1845 ex
1082 1810 1260 1845 veterum
1302 1807 1543 1858 scriptorum

157 1884 400 1924 testimoniis
434 1880 619 1934 definire,
651 1884 758 1924 sicut
789 1884 828 1923 in
862 1883 1009 1924 ceteris
1043 1881 1204 1938 populis
1238 1885 1320 1937 egi,
1354 1882 1542 1925 conabor.

238 2013 266 2057 ¹)
293 2014 373 2048 Hae
399 2014 445 2048 de
468 2022 512 2048 re
537 2014 653 2057 intra,
678 2013 716 2049 in
743 2016 843 2048 sect.
865 2013 939 2059 111,
966 2015 1252 2057 disputabImus.

235 2080 264 2122 ¹)
292 2083 503 2114 suevorum
536 2089 670 2114 nomen
705 2081 870 2123 antiquis
906 2081 1135 2123 temporibus
1169 2080 1340 2123 pluribus
1367 2080 1543 2123 gentibus

160 2154 356 2179 commune
387 2145 509 2179 fuisse
543 2149 697 2187 apparet
730 2156 778 2179 ex
811 2146 879 2190 iis,
912 2155 1008 2189 quae
1042 2156 1157 2189 supra
1188 2144 1397 2181 attulimus.
1439 2147 1544 2181 conf.

159 2209 348 2244 Cluverus
376 2207 519 2252 (Germ.
544 2211 659 2252 antiq.
684 2208 769 2245 433.
794 2207 877 2245 524.
904 2207 1005 2253 529).

239 2276 267 2318 ¹)
294 2275 465 2311 Ledebur
492 2276 618 2319 (Laud
645 2285 679 2310 u.
697 2276 798 2310 Volk
825 2278 896 2311 cet.
922 2275 1059 2320 1».105.
1085 2278 1261 2313 Anmerk.
1278 2276 1386 2320 401).
1429 2278 1544 2312 Plane

157 2342 293 2376 falsam
321 2342 547 2377 sentenssam
566 2343 612 2377 de
630 2335 907 2378 Chasuarorum
926 2343 1080 2378 sedibus
1097 2341 1256 2387 protulit
1275 2344 1424 2379 Gruber
1442 2343 1545 2387 (Tac.

159 2409 372 2443 Germania.
399 2409 565 2443 Beroilni
587 2406 689 2443 1832.
714 2419 748 2452 p.
766 2397 825 2444 82.
853 2411 930 2444 not.
946 2405 1022 2453 34).

234 2475 264 2517 ⁴)
293 2475 479 2510 Bructeri.
498 2475 633 2517 script.
651 2476 792 2518 Latium
817 2474 1011 2524 Βούκτεροι
1037 2478 1076 2510 et
1094 2475 1309 2525 Βροὺκτεροι
1327 2494 1369 2501 --
1390 2474 1544 2517 Strab03

157 2542 398 2590 Βουσακτεροι
424 2558 469 2566 -
496 2543 735 2575 Ptolemaeus
744 2550 757 2583 ;
783 2542 957 2576 Bructuri
984 2559 1030 2567 -
1053 2543 1183 2576 Tabul.
1200 2542 1371 2584 Peuting.
1390 2540 1544 2584 Seg.115

157 2607 320 2641 Bricteri
345 2625 394 2632 —
419 2608 581 2652 Gregor.
606 2608 720 2643 Tour.
746 2607 875 2643 tib.11.
902 2617 933 2642 c.
952 2606 975 2644 9
985 2618 997 2652 3
1038 2607 1278 2644 Boructuarii
1303 2623 1347 2631 —
1385 2607 1480 2641 Beda
1507 2606 1544 2640 in

157 2674 243 2709 hist.
270 2676 364 2710 eccl.
390 2675 458 2719 lv,
486 2674 541 2709 11.
