1792 3095
882 194 938 235 51

275 333 278 336 ·
311 314 580 367 Quaerendae
610 315 730 366 igitur
761 318 855 355 sunt
878 313 1176 355 Chasuarorum
1209 314 1332 356 sedes
1362 328 1422 366 „a
1452 314 1599 367 tergo”

219 393 519 435 Bructerorum.
575 392 708 444 Quum
741 397 873 433 autem
907 390 1074 433 Tacitus
1104 406 1163 443 „a
1186 391 1348 433 fronte'’
1380 392 1517 435 verbis
1549 391 1600 432 de

161 524 163 526 ,
219 471 362 513 Frisiis
394 472 556 512 locutus
588 475 734 521 utatur,
767 472 834 524 qni
866 470 1115 511 occidentem
1148 484 1295 512 versus
1328 476 1368 511 et
1399 474 1503 512 inter
1531 485 1599 512 se-

220 553 471 606 ptentriones
503 562 775 603 occasumque
807 548 906 589 solis
939 562 963 589 a
994 548 1202 591 Bructeris
1239 548 1494 601 habitabant,
1535 564 1598 591 er-

219 608 310 672 rare
342 627 526 682 equidem
558 641 639 668 non
671 626 824 678 videor,
856 629 891 668 si
923 641 984 679 „a
1016 623 1205 681 tergo”¹)
1237 628 1434 669 vocabula
1468 630 1599 668 orien-

219 712 300 748 tem
332 707 576 759 intelligens,
607 705 841 748 Chasuaros
874 706 925 748 ab
949 705 1159 749 occidente
1180 706 1388 752 Bructeris
1410 706 1599 748 finitimos

220 799 347 839 prope
379 783 530 826 Hasam
563 785 803 826 amniculum
836 799 955 839 pono,

310 862 402 903 Huc
443 865 560 903 etiam
592 865 891 919 Χαττουαριοι
926 859 1126 904 referendi
1160 867 1274 913 sunt,
1313 876 1417 916 quos
1449 863 1598 903 Strabo

221 941 309 992 (lib.
326 939 418 983 Vll.
453 941 525 996 §3
550 946 590 982 et
611 943 660 992 4)
698 940 919 983 secundum
952 938 1158 992 Χάττους
1172 936 1214 992 ’)
1256 931 1454 992 nominat,
1494 939 1601 982 unde

222 1033 294 1061 eos
327 1022 365 1060 in
399 1019 633 1061 Chattorum
669 1022 870 1061 vicinitate
904 1018 1068 1073 degisse
1101 1020 1261 1060 elucere
1293 1018 1465 1062 videtur.

313 1099 565 1153 Quamquam
605 1101 724 1151 igitur
763 1098 946 1153 profecto
986 1097 1095 1139 haud
1126 1098 1292 1139 multum
1324 1097 1474 1139 Strabo
1509 1112 1599 1139 cum

220 1176 361 1218 Tacito
396 1177 619 1231 discrepat,
652 1182 783 1217 tamen
817 1191 866 1217 ex
897 1182 1039 1217 neutro
1071 1182 1237 1217 auctore
1270 1182 1422 1216 certum
1449 1175 1601 1229 aliquid

220 1254 379 1295 haurire
411 1268 642 1308 possumus,
675 1253 716 1293 id
748 1253 855 1307 quod
888 1268 1044 1295 sumnia
1076 1256 1178 1294 inter
1209 1255 1320 1294 viros
1343 1253 1489 1294 doctos
1517 1253 1601 1293 dis—

221 1334 357 1372 sensio
390 1334 646 1385 apertissime
679 1321 986 1380 demmistrat').

311 1408 451 1462 ltaque
481 1408 757 1450 Ptolemaeum
790 1407 1072 1459 adhibeamus,
1105 1410 1367 1459 sententiam,
1400 1423 1516 1463 quam
1551 1408 1601 1450 de

223 1486 524 1528 Chasuarorum
564 1486 731 1527 sedibus
772 1500 896 1541 supra
938 1486 1196 1541 protulimus,
1238 1488 1397 1527 nonnisi
1435 1487 1486 1528 ab
1519 1491 1599 1528 isto

221 1564 429 1618 probatam
471 1567 683 1606 servaturi.
753 1564 867 1604 Dicit
905 1570 1036 1605 autem
1077 1563 1337 1604 Ptolemaeus
1372 1563 1460 1616 (ΙΙ,
1495 1565 1599 1617 11):

220 1641 356 1686 πάλιν
387 1640 468 1684 ἀπ’
499 1640 728 1703 ἀνατολῶν
758 1643 839 1697 μὲν
868 1642 956 1685 τῶν
987 1640 1239 1697 αὗνοβαίων
1260 1639 1377 1699 ὄρῶν
1407 1642 1602 1686 οἰκοῦσιν

220 1718 329 1776 ὑπὲρ
347 1719 388 1772 ⁴)
420 1717 521 1769 τοὺς
550 1719 775 1777 Σουήβους
804 1720 1067 1777 Κασουάροι.
1129 1706 1136 1711 ’

302 1871 329 1915 ²)
356 1874 459 1913 Quae
483 1874 671 1908 sententia
694 1874 752 1908 his
772 1875 929 1908 vocibus
954 1884 1010 1919 „a
1031 1876 1168 1918 tergo”
1194 1873 1428 1919 subjicienda
1445 1876 1506 1919 sit,
1532 1885 1601 1918 pro

221 1941 329 1972 certo
362 1938 436 1972 dici
469 1939 609 1981 nequit.
658 1940 731 1973 Alii
759 1940 828 1973 viri
853 1941 954 1974 docti
979 1942 1047 1974 hac
1073 1943 1118 1974 de
1143 1950 1185 1975 re
1211 1933 1323 1975 aliter
1349 1942 1601 1984 disputarunt.

221 2003 326 2037 Conf.
353 2003 534 2046 (Cornelii
559 2004 676 2038 Taciti
701 2006 746 2038 de
772 2005 896 2039 situ..
912 2029 944 2039 ..
969 2006 1122 2040 libellus
1149 2008 1205 2041 ed.
1221 2008 1448 2051 Theophilus
1467 2009 1600 2042 Kiess-

220 2069 374 2113 lingius.
398 2069 499 2112 Lips.
519 2068 630 2112 1832)
657 2075 733 2105 not.
758 2072 803 2105 ad
828 2081 910 2115 cap.
934 2073 1108 2116 XXXIV,
1142 2072 1205 2106 ubi
1230 2074 1443 2108 sententias
1469 2075 1600 2109 diver-

221 2135 393 2171 sissimas
420 2140 624 2179 congestas
651 2137 835 2173 invenies.

300 2202 328 2245 ¹)
355 2204 475 2236 Semel
492 2202 591 2237 inter
607 2203 762 2238 Chattos
781 2204 1071 2248 Chasuarosque
1083 2207 1334 2253 Γαμαβρίουοι
1349 2206 1601 2241 nominantur.

297 2268 326 2309 ⁸)
354 2269 584 2302 Ledeburius
612 2270 739 2312 (Laud
763 2273 837 2305 und
867 2273 965 2306 Volk
997 2275 1070 2306 cet.
1105 2282 1138 2314 p.
1165 2271 1234 2308 102
1263 2273 1381 2317 seq.),
1413 2274 1600 2307 Zeussius

221 2333 295 2376 (die
319 2334 534 2368 Deutschen
559 2337 631 2369 cet.
656 2345 691 2377 p.
709 2333 756 2371 99
783 2339 821 2370 et
847 2335 956 2381 100),
989 2338 1189 2371 Grimmius
1224 2339 1473 2378 (Geschichte
1499 2338 1602 2382 cet.),

220 2399 339 2434 Taciti
355 2396 570 2435 Chasuaros
596 2404 635 2435 et
653 2402 849 2436 Strabonis
875 2406 1200 2452 „erovqapaon”
1225 2404 1397 2438 diversos
1425 2413 1513 2437 esse
1530 2412 1600 2445 po-

217 2466 330 2510 pulos
355 2467 500 2511 putant,
525 2467 587 2501 cui
610 2471 731 2503 tamen
750 2469 958 2504 sententiae
976 2467 1056 2514 jam
1075 2470 1298 2505 Gerlachius
1318 2469 1600 2513 (Encyclopae-

221 2532 281 2567 dia
305 2542 338 2575 p.
355 2529 444 2575 316)
470 2539 668 2576 repugnat.

299 2598 327 2639 ⁴)
353 2601 573 2633 Mannertus
600 2600 789 2642 (German.
815 2610 849 2642 p.
875 2598 960 2642 179)
986 2604 1024 2635 et
1048 2601 1232 2636 Zeussius
1258 2600 1337 2647 (99,
1363 2601 1451 2646 100)
1477 2604 1601 2648 ,,υπο”

220 2663 419 2699 lectionem
444 2667 511 2700 sed
538 2675 610 2701 non
637 2667 731 2701 satis
761 2669 953 2709 probatam
979 2668 1210 2710 praedicant.

1253 2751 1308 2787 4,
