1792 3095
863 155 927 197 41-

278 279 432 335 ‘llaque
472 276 524 321 ad
555 276 692 321 Albim
731 275 952 319 seenndum
985 275 1160 317 Plinium
1190 274 1469 331 Pytheamque
1505 290 1577 331 po-

202 358 321 405 nendi
355 358 526 401 Teutoni
558 356 764 410 sunu-rubi
798 360 915 399 etiam
945 356 1171 399 Ptolemaei
1193 355 1400 399 Teutonos
1427 356 1579 398 Teuto-

201 443 416 496 nario‘sque
438 436 647 482 habitasse
668 442 836 494 apparet
858 452 907 479 ox
926 437 990 479 his
1012 437 1169 479 verbis:
1200 436 1412 490 Σαξόνων
1434 436 1485 481 δὲ
1505 438 1579 481 καὶ

201 524 290 565 τῶν
309 517 534 577 Σουήβων,
567 518 859 576 Τευτονοάροι
888 520 962 560 καὶ
995 515 1230 575 Οῧΐρουνοι
1262 548 1388 560 .....
1420 520 1577 574 Φαρα-

204 600 360 645 δεινῶν
383 598 438 641 δὲ
452 599 526 642 καὶ
547 595 772 655 Σουήβων,
795 596 1004 647 Τεύτονες
1023 598 1096 638 καὶ
1116 596 1326 652 Αὔαρποι
1348 592 1393 649 ¹).

293 679 544 732 Quamquam
568 679 670 718 enim
693 676 952 718 Ptolemaeus
974 677 1077 717 inter
1098 675 1283 718 Cimbros
1307 664 1578 733 Chaucosque

201 761 362 812 praeter
403 760 567 798 eet-eros
604 756 778 811 populos
818 768 969 810 parvos
1012 754 1197 797 Saxones
1236 757 1413 798 nominat
1444 779 1503 789 —-
1534 763 1579 799 ut

201 850 323 892 supra
344 835 592 878 vidimus—
610 841 743 879 tamen
775 849 894 891 quum
926 848 1057 890 neque
1086 834 1243 876 Plinius
1275 849 1406 890 neque
1427 835 1576 879 Strabo

201 930 332 972 neque
354 915 519 959 Tacitus
549 916 657 958 hune
677 915 882 971 populum,
914 915 964 956 ab
986 914 1179 970 Eutropio
1204 914 1359 956 demum
1382 915 1443 968 (in
1464 915 1582 960 brev,

201 996 268 1038 lib.
301 995 375 1039 lx.
411 1010 445 1039 c.
475 996 550 1047 13)
582 998 621 1037 in
653 996 859 1038 historiam
892 993 1111 1048 inductum,
1145 998 1426 1049 cognoverint,
1468 997 1576 1038 nullo

202 1072 319 1115 modo
352 1074 601 1129 impedimur,
634 1077 846 1130 quominus
869 1074 1090 1127 Teutonos,
1122 1080 1191 1117 aut
1223 1077 1381 1116 omnino
1405 1088 1484 1116 non
1508 1090 1576 1118 ex-

201 1156 357 1196 stitisse
389 1159 457 1196 aut
499 1154 763 1209 Cymbrorum
795 1160 948 1209 partem
987 1154 1172 1196 Saxones
1202 1155 1351 1207 fuisse,
1383 1155 1580 1206 arbitrati}

201 1235 378 1288 proxime
422 1232 472 1274 ad
516 1234 649 1275 Albim
698 1234 869 1276 Cimbris
911 1234 1168 1289 Chaucisque
1208 1236 1365 1276 vicinos
1413 1233 1577 1278 sedisse

201 1309 465 1363 sumamus²).

292 1392 425 1446 Quum
466 1394 586 1446 igitur
617 1407 666 1434 ex
706 1391 890 1435 omnibus
929 1392 1221 1447 scriptoribus,
1262 1407 1364 1448 qnos
1403 1393 1577 1445 laudavi,

200 1531 274 1565 tur.
322 1529 385 1565 Sic
416 1531 561 1565 certum
588 1531 667 1577 est,
698 1532 741 1566 ut
767 1532 975 1575 exemplum
1000 1531 1180 1574 quoddam
1206 1530 1379 1577 afferam,
1408 1533 1576 1567 Alexan-

200 1599 305 1633 drum
331 1597 513 1641 Magnum
535 1596 693 1643 ejusque
717 1599 873 1644 milites,
902 1607 1013 1642 quum
1039 1598 1077 1632 in
1104 1599 1196 1634 Asia
1220 1600 1264 1633 ad
1290 1601 1482 1634 Jaxartem
1508 1609 1576 1634 ve-

200 1665 359 1709 nissent,
386 1661 474 1699 eum
486 1666 637 1700 Tanaim
658 1666 835 1700 habuisse
852 1665 1021 1707 (Arrian.
1037 1665 1104 1710 IV,
1120 1663 1196 1705 15).
1223 1667 1340 1707 Quam
1358 1667 1404 1701 ob
1423 1675 1575 1701 causam

201 1732 416 1767 Lelewelus
441 1733 572 1772 (Entd.
596 1742 631 1775 1).
649 1731 715 1772 45)
741 1733 836 1767 haud
862 1732 943 1767 sine
967 1731 1126 1776 injuria:
1150 1734 1225 1776 „Es
1251 1734 1353 1776 fragt
1378 1734 1492 1778 sicb,”
1515 1734 1576 1768 in-

199 1800 291 1845 quit,
316 1800 387 1844 „ob
413 1798 472 1833 die
497 1800 700 1834 entdeckte
718 1799 913 1843 Miindung
929 1801 995 1833 des
1011 1799 1147 1833 Tanais
1173 1801 1239 1834 der
1256 1801 1404 1844 megel,
1421 1800 1583 1836 Weioh-'

200 1869 280 1912 sel,
307 1868 407 1901 Oder
441 1868 531 1900 oder
556 1868 649 1901 Elbe
682 1868 772 1901 sei.”
819 1867 1154 1910 Ingeniosissimus
1181 1867 1367 1901 Miillerus
1400 1869 1575 1908 (Marken

199 1931 355 1978 1».130›
388 1935 577 1968 Guttones
610 1943 634 1968 a
664 1935 809 1978 Pythea
843 1936 1156 1968 commemoratos
1189 1934 1359 1969 Cimbros
1393 1936 1503 1970 habet
1535 1938 1575 1969 et

199 2001 425 2043 Conringius
445 2004 497 2043 (p.
512 1999 577 2040 57)
597 2002 784 2036 Guttones
801 2002 846 2036 ad
864 2002 985 2036 Albim
1012 1990 1234 2036 consedisse
1261 2005 1377 2044 putat.
1395 2020 1441 2026 —
1468 2005 1574 2037 Hanc

199 2065 453 2111 conjecturam
481 2067 717 2102 clarissimus
737 2069 952 2103 Lelewelus
977 2068 1130 2112 primus,
1157 2071 1332 2111 quantum
1351 2069 1445 2111 scio,
1472 2070 1574 2113 fecit,

199 2137 290 2170 haec
316 2136 432 2170 verba
455 2135 617 2170 faciens:
655 2136 762 2178 „Les
796 2136 908 2170 bords
940 2136 989 2169 du
1022 2136 1124 2178 golt'e
1151 2137 1415 2170 Mentonomon
1446 2136 1574 2170 fui-ent

200 2199 345 2237 habites
371 2212 439 2246 par
464 2203 521 2237 les
547 2203 713 2238 Teutons
739 2204 777 2237 et
801 2203 858 2237 les
883 2203 1068 2246 Guttons3
1093 2204 1130 2237 le
1156 2202 1288 2237 succin
1314 2199 1407 2238 etait
1433 2199 1573 2246 depose

200 2279 268 2305 sur
293 2271 352 2315 les
378 2269 531 2313 rivages
556 2270 603 2304 de
626 2268 704 2305 l'ile
728 2270 903 2314 Abalcia,
929 2273 1002 2305 cet.

279 2340 309 2377 ¹)
336 2339 414 2371 Hoc
439 2339 526 2372 loco
551 2338 668 2373 allato
694 2338 883 2382 docemur,
908 2338 942 2372 si
963 2347 1046 2373 cum
1064 2347 1110 2372 eo
1129 2336 1344 2383 conjungis,
1369 2346 1463 2380 quae
1482 2339 1573 2371 Pto-

198 2407 364 2441 lemaeus
390 2406 436 2441 de
460 2407 682 2449 populorum
701 2407 969 2442 Germanorum
995 2406 1149 2442 sedibus
1176 2410 1287 2442 antea
1306 2405 1448 2451 retulit,
1472 2407 1572 2440 Teu-

200 2478 310 2509 tonos
336 2475 381 2508 ad
407 2473 527 2508 Albim
552 2473 707 2509 fluvium
732 2474 937 2510 Cheruscis
969 2476 1015 2510 ab
1049 2475 1245 2510 occidente
1275 2472 1452 2508 finitimos
1478 2483 1573 2507 eon-

198 2541 358 2575 sedisse.
396 2540 502 2576 conf.
527 2542 649 2575 Zeuss
676 2541 753 2581 (die
780 2543 993 2577 Deutsohen
1019 2553 1053 2585 p.
1075 2540 1174 2580 150).

277 2608 307 2645 ¹)
348 2610 512 2643 Eandem
546 2608 772 2643 sententiam
812 2609 922 2645 etiam
956 2608 1180 2644 wilhelmus
1215 2610 1274 2650 (p.
1299 2605 1396 2648 177)
1437 2606 1574 2642 afferre

199 2676 371 2710 conatur.
