1792 3095
857 148 963 191 ⁵7<
1027 135 1030 139 ’

188 272 321 330 „37‘122
337 268 476 315 ταύτὰ
505 270 569 316 ’δὲ
597 270 659 330 τῷ
681 266 874 328 Ἀμασίᾳ
903 272 1127 329 φέρονται,
1157 273 1393 330 Βισουργίς
1423 287 1469 314 τε
1500 272 1574 316 καὶ

193 352 394 403 Λουπίας
412 348 609 407 ποταμὸς
631 349 788 405 διέχων
803 349 955 409 Ῥήνου
969 353 1069 409 περὶ
1085 348 1339 404 ἑξακοσίους
1355 351 1573 403 σταδίους,

195 430 307 489 ῥέων
339 430 423 476 διὰ
443 430 732 488 Βρουκτέρων
761 429 848 473 τῶν
879 428 1164 474 ἕλαττόνων.”
1204 431 1322 483 Quae
1343 431 1467 472 verba
1499 444 1573 485 per

194 511 362 565 ”sipia
387 508 635 559 eretutanmr‘,
667 512 712 548 ut
744 510 799 549 ita
830 507 981 559 dicam3
1021 522 1111 550 nam
1143 508 1314 563 Lupiam
1353 509 1499 550 flumen
1532 511 1571 550 in

194 590 300 631 saltu
333 587 671 642 Teutoburgiensi
703 592 832 629 ortum
865 586 1115 629 occidentem
1147 570 1293 630 versus
1324 590 1365 629 in
1387 588 1571 630 Rhenum

195 667 372 719 influere,
404 680 482 708 non
513 668 552 708 in
574 680 683 709 mare
706 666 851 709 effundi
880 681 957 709 nec
980 670 1138 709 omnino
1161 673 1352 710 sexcenta
1384 666 1516 710 stadia
1549 681 1572 709 a

194 747 337 790 Rheae
361 746 527 788 iabesse
551 748 656 789 inter
687 760 827 789 omnes
859 752 1033 790 constat.

227 851 230 855 ·
268 824 411 879 ἱὨικκί
444 825 633 880 denique
680 825 938 867 Ledeburius‘
972 826 1147 880 profert,
1196 828 1402 867 exstitisse
1441 826 1572 867 media

195 903 620 956 aetate·„Bm-oet‘ra”
652 917 817 959 pagum,
858 918 882 945 e
913 903 1122 945 Bructeris
1154 903 1415 945 hauddubie
1447 905 1574 945 nomi-

196 988 343 1034 natum,
375 982 540 1024 eosdem
573 984 863 1037 antiquissimis
895 983 1143 1037 temporibus
1174 983 1228 1023 ibi
1260 982 1469 1024 habitasse
1500 984 1573 1023 mi-

197 1063 302 1104 nime
334 1060 467 1114 docet,
494 1069 703 1104 -nonne
735 1064 838 1104 enim
870 1061 955 1103 fieri
988 1064 1130 1117 potuit,
1163 1066 1206 1103 ut
1226 1061 1411 1103 Bructeri
1433 1067 1573 1117 poste-

194 1140 367 1181 rioribus
420 1140 668 1195 temporibus
720 1140 923 1182 meridiem
964 1154 1110 1182 versus
1151 1140 1332 1194 propulsi
1371 1141 1427 1181 illi
1469 1154 1573 1194 pago

195 1232 354 1261 nomenu
373 1218 588 1260 dederint?
607 1240 664 1249 —-
694 1218 780 1260 Sed
811 1233 862 1260 ne
894 1219 953 1260 ab>
979 1233 1040 1270 eo,
1074 1218 1180 1273 quod
1214 1221 1463 1273 propositum
1498 1224 1575 1270 est,

195 1298 353 1351 longius
376 1297 571 1348 aberrem,
602 1302 765 1339 transeo
787 1296 838 1339 ad
860 1296 1017 1338 Frisios
1030 1294 1075 1348 ¹),
1107 1297 1329 1339 secundum
1353 1297 1574 1340 Bructeros

198 1377 373 1419 Chaucis
405 1376 607 1418 finitimo&

288 1456 440 1498 Omnes
472 1460 605 1496 tamen
625 1456 710 1495 ‘viri
744 1454 852 1496 docti
886 1469 934 1496 ex
967 1458 1163 1497 communi
1197 1457 1437 1510 scriptorum
1462 1461 1575 1497 vete-

196 1546 281 1576 rum
331 1547 533 1575 consensu
583 1533 850 1584 concordant,
898 1534 1019 1587 hujus
1061 1535 1198 1589 populi
1238 1535 1340 1575 fines
1380 1537 1575 1576 orientem

195 1621 345 1655 versus·
375 1627 504 1668 usque
538 1612 590 1655 ad
621 1613 815 1654 Amisiam
853 1613 1016 1654 fluvium
1048 1612 1177 1654 fuisse
1210 1619 1435 1668 porrectos,
1468 1613 1573 1654 unde

195 1692 351 1735 Frisios
392 1692 442 1734 ab
484 1691 695 1734 occidente
736 1692 911 1734 Chaucis
950 1692 1139 1733 finitimos
1181 1698 1302 1747 atque
1342 1692 1392 1733 ab
1431 1691 1574 1733 iisdem

197 1771 351 1814 divisos
375 1771 691 1813 Amisiafluvio·
715 1771 844 1812 fuisse
876 1776 1056 1826 apparet.
1106 1772 1224 1824 Quae
1257 1785 1376 1825 quum
1407 1774 1460 1813 ila
1483 1774 1576 1824 sint,

197 1849 631 1904 hane-ren1³piuribus
664 1851 852 1903 persequi
885 1862 965 1889 non
998 1862 1102 1903 opus
1135 1855 1211 1890 est.
1293 1857 1295 1860 ⁴

286 1928 392 1969 Sunt
422 1930 542 1981 igitur
562 1926 761 1968 referendi
782 1929 820 1967 in
845 1941 1048 1968 numerum
1072 1930 1247 1981 gentium
1270 1927 1441 1979 illarum,
1475 1942 1577 1982 qnae

197 2007 371 2049 Chaucis
411 2006 600 2047 finitimae
641 2012 772 2057 eran-t,
812 2023 872 2035 —·-—
904 2011 948 2047 ut
988 2009 1140 2057 omnia,
1183 2021 1287 2061 quae
1319 2021 1343 2048 a
1375 2007 1493 2048 nobis
1526 2006 1577 2047 de

197 2086 341 2128 finibus
379 2086 500 2140 hujus
543 2078 680 2141 populi
713 2084 994 2127 describendis
1028 2087 1213 2140 exposita
1245 2090 1359 2136 sunt,
1400 2085 1577 2127 breviter

198 2167 524 2221 complectamur,
554 2191 601 2199 -
626 2164 788 2215 Cimbri,
822 2164 1006 2216 Teutoni,
1037 2163 1314 2218 Langobardi,
1344 2164 1459 2216 Fosi,
1490 2166 1576 2206 An-

196 2247 370 2299 grivarii,
403 2245 611 2295 Chasuari,
644 2244 840 2296 Bructeri,
872 2243 1005 2288 Frisii.

288 2324 373 2365 Sed
403 2325 572 2365 forsitan
605 2325 800 2378 quispiam
826 2323 980 2374 dixerit,
1013 2325 1078 2376 qui
1101 2325 1140 2362 in
1163 2322 1401 2375 indagandis
1425 2336 1575 2375 cogno-

197 2402 442 2458 scendisque
474 2402 706 2457 regionibus
739 2404 889 2460 veteris
913 2398 1153 2444 Germaniae
1185 2403 1367 2457 posuerit
1399 2415 1577 2456 operam,

278 2582 304 2625 ι)
333 2582 463 2624 Frisii,
498 2578 721 2625 script.‘=lat.
744 2576 914 2631 ‘speleum
945 2583 1041 2618 Ptol.
1095 2581 1139 2618 οἱ
1169 2583 1335 2632 Φρείσιοι
1367 2582 1437 2618 Βίο
1470 2582 1577 2618 cass.

201 2648 245 2688 οῑ
274 2638 482 2700 specim&
503 2648 662 2693 Proeop.
688 2647 785 2684 oet.⁸
814 2653 817 2656 ·
