1792 3095
869 183 928 230 24

200 312 361 354 fuerint.
409 311 467 353 At
497 323 595 353 vero
627 308 886 353 Reichardus
918 322 999 351 non
1031 307 1150 350 modo
1183 307 1327 351 falsam
1349 313 1587 354 sententiam

202 391 254 434 de
287 405 390 433 voce
422 391 682 445 „majores'',
715 404 832 445 quam
865 404 989 445 supra
1003 385 1034 441 ¹)
1068 390 1297 443 explicasse
1318 390 1412 432 mihi
1435 391 1588 443 videor,

203 469 382 513 denudat
420 469 498 514 sed
538 472 677 522 etiam,
723 468 914 512 Chaucos
956 467 1008 511 ad
1049 467 1285 512 Cheruscos
1325 471 1505 524 proxime
1542 486 1589 514 se

203 550 437 593 extendisse
459 550 724 601 contendens,
742 552 874 590 omnia
895 550 1126 589 testimonia
1149 550 1390 603 scriptorum
1413 550 1590 602 offendit,

203 644 320 686 quae,
353 634 397 671 ut
428 629 528 672 infra
560 628 812 682 videbimus,
849 630 1105 684 apertissime
1138 628 1403 682 Angrivarios
1433 626 1590 671 Fosos-

203 724 282 764 que
314 711 418 749 inter
450 708 641 750 Chaucos
675 714 716 751 et
749 708 985 749 Cheruscos
1016 707 1226 749 habitasse
1257 707 1550 750 demonstrant.

296 788 415 842 Quae
454 802 574 843 quum
618 790 672 830 ita
713 790 815 840 sint,
865 792 1099 841 argumenta
1138 801 1163 828 a
1199 787 1430 831 Reichardo
1470 788 1589 832 allata

204 868 354 909 nullius
393 869 582 909 momenti
623 866 873 908 aestimanda
912 865 1007 908 mihi
1045 865 1233 907 videntur
1273 871 1314 908 et
1345 866 1480 909 facere
1510 880 1590 908 non

203 961 375 1003 possum
407 949 501 1002 quin
526 949 654 989 mirer
686 946 795 1001 quod
828 946 1070 988 Gerlachius
1102 949 1192 1001 ipse
1208 943 1271 999 ³),
1305 946 1591 999 meinhardum,

205 1025 407 1082 quomodo
450 1040 540 1067 cum
574 1025 716 1068 Tacito
750 1024 1012 1066 Ptolemaeus
1054 1027 1109 1067 sit
1145 1025 1449 1079 congruendus,
1489 1028 1591 1068 satis

206 1106 513 1148 demonstrasse
546 1104 776 1156 contendit,
813 1119 889 1146 nec
922 1106 1054 1146 minus
1088 1103 1195 1159 quod
1225 1103 1470 1147 Franziscus
1501 1104 1591 1147 Rit-

204 1192 339 1237 terus,
380 1185 604 1227 Ptolemaei
647 1186 927 1226 auctoritatem
969 1189 1139 1226 secutus
1178 1185 1354 1239 majores
1388 1184 1591 1237 Chaucos,

206 1267 258 1309 ad
290 1281 394 1322 quos
427 1265 677 1319 subigendos
702 1264 880 1308 Corbulo
910 1265 1070 1318 legatos
1102 1267 1224 1316 misit,
1255 1267 1359 1306 inter
1383 1263 1590 1319 Visurgim

208 1352 248 1389 et
282 1347 415 1389 Albim
448 1346 610 1386 fluvium
646 1358 741 1386 esse
774 1343 986 1399 ponendos
1020 1340 1256 1396 defendit’).

298 1425 391 1467 Nec
424 1427 555 1467 minus
577 1425 791 1479 Augustus
825 1423 875 1466 de
895 1421 1215 1478 Wersehejus⁴)
1247 1423 1470 1467 Ptolemaei
1497 1437 1591 1466 sen·
1649 1483 1651 1486 ι

287 1567 317 1604 ¹)
344 1566 443 1598 sect.
469 1565 499 1597 Ι.

288 1632 318 1671 ²)
343 1630 508 1666 cornelii
542 1629 664 1665 Taciti
698 1628 919 1675 Germania,
951 1629 1039 1665 inst.
1065 1631 1127 1665 Fr.
1153 1632 1242 1665 Dor.
1270 1630 1443 1665 Gerlach.
1484 1630 1593 1666 Basi-

205 1701 289 1733 leae
307 1696 410 1733 1835.
428 1708 462 1739 p.
475 1696 566 1733 200:
591 1699 708 1741 „nass
726 1698 880 1732 Tacitus
899 1699 1033 1733 Annal.
1047 1698 1113 1740 XI,
1130 1694 1176 1732 19
1198 1697 1323 1732 dieser
1341 1698 1593 1742 Bestimmung

207 1765 509 1808 widerspreche,
542 1765 620 1799 wie
644 1766 820 1799 Mannert
845 1765 921 1799 und
950 1764 1127 1800 Wilhelm
1155 1766 1380 1810 annehmen,
1414 1765 1467 1800 ist
1498 1765 1593 1809 irrig

208 1834 281 1868 und
307 1834 426 1868 schon
456 1841 528 1867 von
555 1832 739 1867 Reichard
765 1831 994 1875 hinlanglich
1021 1831 1223 1875 widerlegt
1248 1832 1442 1867 wordcnss’

285 1902 317 1940 ³)
343 1898 508 1935 Cornelii
533 1899 653 1934 Taciti
679 1908 796 1942 opera
821 1901 878 1935 ed.
895 1899 1126 1936 Franciscus
1153 1899 1290 1935 Ritter.
1320 1899 1593 1945 cantabrigiae,

206 1968 384 2012 Londini,
410 1966 584 2010 Lipsiae,
607 1966 787 2001 Coloniae
818 1965 922 2002 1848.
962 1969 1049 2002 Not.
1082 1968 1128 2001 ad
1161 1976 1247 2002 ann.
1278 1967 1342 2002 lib.
1366 1968 1438 2012 xl,
1470 1976 1503 2001 c.
1529 1966 1592 2004 19:

206 2035 371 2070 minores
402 2034 542 2070 Chauci
572 2034 730 2077 proximi
763 2043 787 2069 a
819 2034 951 2070 Frisiis
985 2033 1083 2069 inter
1115 2034 1291 2070 Amisiam
1324 2037 1365 2069 et
1392 2034 1593 2079 Visurgim,

206 2101 369 2146 majores
395 2112 419 2137 a
436 2101 594 2145 Visurgi
618 2102 664 2136 ad
690 2101 822 2136 Albim.
857 2101 1069 2136 Minoribus
1096 2101 1214 2144 igitur
1238 2100 1398 2136 Chaucis
1425 2103 1498 2136 dux
1514 2086 1594 2137 Ro·-¹

206 2179 339 2205 manus
373 2168 556 2205 ordinatis
582 2168 788 2204 Frisiorum
822 2170 938 2205 rebus
971 2169 1053 2211 ipse
1086 2178 1170 2204 cum
1203 2169 1376 2205 exercitu
1402 2169 1592 2212 proximus

208 2238 297 2281 suit,
339 2245 362 2270 a
394 2233 600 2279 majoribus
635 2235 789 2278 longius
822 2238 1015 2271 remotus:
1053 2235 1139 2271 hinc
1170 2235 1298 2271 missis
1336 2236 1398 2280 qui
1428 2234 1592 2282 majores

208 2305 382 2340 Chaucos
409 2304 454 2337 ad
478 2302 703 2338 deditionem
727 2303 962 2347 pellicerent.

286 2375 318 2411 ⁴)
346 2374 496 2414 August
524 2382 559 2405 v.
584 2372 790 2406 Wersebe:
824 2372 944 2406 Ueher
969 2371 1029 2406 die
1053 2372 1199 2407 Vtiliter
1223 2373 1299 2407 und
1324 2372 1593 2407 volkerbund-

207 2440 313 2474 nisse
339 2440 407 2472 des
433 2439 536 2473 alten
564 2440 852 2473 Deutschlands.
891 2440 1093 2472 Hannover
1120 2435 1227 2473 1826.
1260 2448 1294 2481 p.
1320 2435 1412 2474 1062
1447 2440 1592 2484 „Diese

208 2507 386 2540 Chauken
413 2507 581 2540 konnten
608 2506 675 2539 mit
700 2506 804 2540 ihren
823 2504 986 2540 Schiffen
1012 2505 1115 2540 nicht
1139 2505 1232 2541 iiber
1248 2506 1352 2540 Land
1371 2506 1593 2548 hergekom-

207 2582 292 2608 men
320 2573 423 2613 sein;
457 2572 598 2607 meiner
623 2571 803 2616 Meinung
829 2574 922 2606 nach
955 2581 1087 2607 waren
1115 2573 1173 2607 sie
1198 2574 1313 2608 durch
1339 2573 1397 2607 die
1422 2574 1592 2607 Nordsee

207 2650 268 2675 um
288 2640 450 2674 nolland
475 2638 785 2683 herumgeschifft
811 2640 885 2674 und
911 2649 955 2674 so
981 2641 1097 2675 durch
1122 2640 1183 2676 die
1201 2641 1323 2675 Maass
1349 2639 1386 2674 iu
1405 2640 1464 2674 dic
1479 2641 1592 2676 Waal

209 2706 444 2751 eingelauren
471 2729 661 2741 ......
696 2716 737 2742 es
769 2707 863 2744 lassi:
893 2706 973 2742 sich
1000 2707 1059 2744 bei
1084 2707 1213 2743 diesen
1238 2707 1466 2743 umstandeu
1492 2709 1592 2745 (lanu
