1792 3095
875 144 935 188 67

210 270 299 322 ejus
331 267 530 309 sententia
568 265 662 307 mihi
694 264 964 309 recedendum
997 280 1093 309 esse
1125 267 1283 311 videtur
1315 274 1454 311 contra
1487 271 1588 311 mul-

207 353 337 407 torum
362 347 655 388 auctoritatem.
685 343 742 385 Ut
767 345 981 387 nonnullos
1013 347 1208 399 afferrem,
1241 347 1423 390 Tacitum
1455 351 1588 390 secuti

208 431 302 470 sunt
330 424 530 468 Eckartus
543 419 575 475 ¹)
607 424 675 478 qui
698 422 874 466 Chaucis
898 423 1132 468 Cheruscos
1164 428 1319 468 vicinos
1352 426 1461 479 facit,
1491 426 1588 468 Fci-

207 502 364 559 nius²),
396 506 462 558 qui
496 502 952 558 Chauciffpropinquos
986 504 1156 547 Chattos
1189 507 1384 557 nominat,
1425 506 1585 561 Spene-

207 580 319 636 ταδ’)
352 585 418 638 qui
451 581 748 623 Chasuarorum
780 584 939 625 nomine
972 582 1141 624 Chattos
1174 583 1457 637 intelligendos
1491 598 1585 627 esse

207 666 370 713 censet,
390 656 675 722 ,Ledehuriov
709 665 749 702 et
779 658 1022 713 niueum-0⁶)
1055 662 1414 705 consentientibus,

295 739 491 795 Equidem
522 754 618 782 vero
652 739 832 783 Tacitum
868 742 907 782 in
941 746 1109 813 Ἥοῳιθ
1142 755 1265 796 supra
1298 741 1459 784 laudato
1492 742 1584 783 loco

206 820 299 863 inde
333 832 494 862 errasse
525 824 691 861 auctore
723 816 941 871 Zeussio‘)
975 834 1149 872 censeo,
1182 820 1288 875 quod
1321 822 1585 874 Angrivarios

208 899 518 952 Chamavosque
566 912 615 939 ex
661 900 841 952 pristinis
888 900 974 938 suis
1014 898 1181 939 sedibus
1220 900 1258 938 in
1299 898 1585 939 Bructerorum

205 978 307 1019 fines
347 978 599 1029 immigrasse
640 975 748 1017 haud
786 980 898 1017 recte
940 978 1125 1030 opinatus
1165 978 1229 1017 sit.
1293 975 1439 1031 Neque
1481 979 1585 1017 enim

206 1057 373 1099 historia
404 1069 537 1110 neque
568 1056 730 1109 antiqua
761 1055 1005 1109 geographia
1039 1054 1228 1097 Chaucos
1256 1060 1325 1096 aut
1347 1054 1585 1098 Chattorum

206 1141 275 1179 aut
304 1135 601 1177 Cheruscorum
634 1133 736 1175 fines
766 1136 952 1187 attigisse
987 1133 1251 1176 demonstrari
1285 1139 1433 1190 potest.

296 1214 415 1259 Nunc
448 1215 632 1269 quoniam
670 1218 848 1256 veterum
890 1215 1131 1268 scriptorum
1170 1215 1412 1255 testimoniis
1452 1214 1585 1256 allatis

286 1375 312 1419 ¹)
339 1377 500 1421 Eckart,
531 1378 608 1411 Res
643 1364 825 1424 [ἥψαο
856 1376 1063 1411 orientalis.
1107 1376 1333 1419 Wiceburgi
1360 1373 1466 1412 1739.
1491 1375 1582 1420 1».8:

204 1444 386 1479 Cherusci
412 1443 450 1477 in
476 1445 636 1486 utroque
662 1441 840 1485 Visurgis
871 1443 1002 1477 littore
1027 1444 1112 1477 iude
1138 1443 1440 1494 extendebantur
1465 1453 1585 1486 usque

203 1510 241 1544 in
269 1510 436 1545 Chaucos
464 1510 501 1542 et
526 1509 564 1543 in
590 1508 784 1553 Dioecesi,
818 1518 912 1552 quae
939 1507 1019 1552 jam
1052 1511 1129 1553 est,
1161 1508 1471 1545 Hildesheirnensi
1498 1507 1585 1544 fini-

204 1575 314 1610 timos
340 1576 522 1609 habebant
548 1562 681 1609 Fosos.

281 1642 308 1684 “)
336 1642 443 1685 Fein,
477 1642 772 1675 Hannoversche
804 1642 974 1684 gelehrte
1007 1642 1202 1685 Anzeigen
1236 1640 1341 1676 1754.
1373 1644 1415 1675 N.
1440 1639 1484 1676 9:
1515 1642 1584 1676 Hic

204 1709 300 1744 enim
317 1709 472 1744 Chattos
498 1717 619 1751 usque
644 1708 692 1742 ad
710 1709 859 1743 Aletum
884 1711 1056 1751 patentes
1083 1708 1207 1752 ibique
1225 1708 1387 1743 Chaucis
1408 1706 1584 1742 finitimos

204 1776 347 1811 faciens
374 1775 476 1809 iuius
502 1774 668 1818 regionis
697 1775 881 1810 vocabula
904 1776 1034 1809 laudat
1060 1775 1128 1818 (ut
1154 1776 1229 1810 Tor
1254 1776 1410 1820 Rauen,
1440 1777 1493 1810 'ro
1519 1777 1585 1810 der

204 1844 357 1887 Rauen,
391 1842 617 1887 Cattensen,
650 1841 966 1887 Catensenhorst,
1000 1842 1288 1886 Ketzenmuhle,
1322 1843 1585 1887 Kattenposte,

204 1910 411 1953 Katzhorn‚
440 1910 864 1954 nassefssuasselbruch
891 1908 996 1953 cet.),
1026 1918 1120 1952 quae
1146 1909 1271 1943 omnia
1296 1918 1319 1943 a
1343 1910 1485 1944 Chattis
1513 1919 1584 1943 no-

203 1976 303 2011 mina
330 1979 494 2011 teneant.
528 1978 597 2011 Sed
623 1978 712 2011 haec
740 1976 856 2010 verba
880 1975 1097 2010 recentiora
1125 1978 1229 2010 certe
1254 1978 1320 2010 aut
1344 1985 1367 2010 a
1393 1975 1585 2020 „Katzen”

204 2046 269 2077 aut
302 2044 348 2077 ab
382 2046 564 2088 „nasse”
595 2044 752 2077 vocibus
786 2043 957 2076 ducenda
988 2045 1098 2086 sunt,
1131 2051 1287 2085 quarum
1323 2044 1412 2077 haec
1448 2044 1583 2077 collem

204 2108 408 2154 significat.
437 2111 542 2145 Cont'.
560 2110 740 2145 Steffens:
765 2110 1002 2144 Historische
1020 2110 1268 2152 Abhandlung
1294 2118 1367 2143 von
1393 2110 1460 2143 der
1476 2110 1584 2143 Stadt

203 2178 321 2212 zelle.
347 2180 390 2212 N.
407 2175 442 2212 6.
468 2188 503 2220 p.
519 2175 566 2212 35
593 2180 630 2212 et
657 2178 846 2213 Wersebe
871 2177 1031 2219 (volker
1057 2178 1130 2210 cet.
1156 2186 1190 2218 p.
1210 2174 1308 2217 115).

282 2244 309 2286 ³)
335 2247 500 2288 Spener:
524 2244 667 2280 Notitia
692 2246 816 2280 Germ.
842 2247 920 2279 ant.
946 2244 1053 2278 1.111.
1079 2253 1113 2285 p.
1130 2240 1213 2280 273.

281 2310 309 2351 ⁴)
338 2312 526 2345 Ledebur:
553 2312 655 2345 Laud
680 2313 754 2345 und
783 2312 882 2345 Volk
908 2312 980 2344 cet.
1009 2320 1043 2352 1).
1065 2307 1145 2343 103.
1181 2340 1201 2356 ,⁷

282 2376 308 2419 ⁵)
335 2379 398 2411 Dr.
424 2377 572 2412 Ferdin.
598 2377 723 2412 Heinr.
750 2376 906 2411 Miiller:
932 2375 998 2409 Die
1025 2376 1234 2420 deutschen
1258 2355 1420 2410 Stiimni'e
1445 2376 1474 2419 I,
1501 2374 1583 2411 152.

281 2443 308 2486 ⁶)
335 2446 457 2478 zeuss
490 2444 572 2487 (die
599 2445 774 2479 Deutsch.
801 2454 833 2486 p.
861 2442 974 2487 140):
1005 2442 1114 2482 Nioht
1145 2433 1280 2477 eihmal
1314 2442 1372 2479 die
1404 2442 1583 2479 Chauken

203 2512 277 2546 und
303 2511 520 2559 Cherusken
551 2512 723 2556 granzen
756 2519 990 2554 zusammen,
1020 2510 1120 2553 ,noch
1144 2509 1319 2553 sve-1321·
1347 2510 1401 2559 ist
1425 2520 1474 2547 an
1498 2511 1583 2546 eine

203 2579 467 2614 u-nmittelbare
506 2578 726 2623 Beriihrung
771 2567 1179 2620 zwischensscbauken
1221 2578 1296 2616 und
1334 2578 1496 2615 Chatten
1533 2589 1584 2614 zu

203 2645 360 2681 denken.
1131 2647 1135 2649 ’

688 2738 728 2775 2³⁵
