1792 3095
863 166 920 208 53

280 285 362 343 „Ac
401 286 569 340 primum
591 280 631 337 ¹)
678 283 838 339 quidem
878 283 1025 328 Strabo
1067 285 1294 330 Bructeros¹
1327 286 1481 330 inducit
1520 289 1584 331 his

204 362 340 405 verbis
376 363 471 415 (lib.
501 361 592 403 Vll.
634 376 669 406 c.
698 361 739 414 I,
779 362 816 415 §-
848 363 908 416 3)
946 364 1029 409 εἶσὶ
1070 364 1121 409 δὲ
1157 365 1322 420 μεταξὺ
1349 369 1425 409 καὶ
1455 365 1585 409 ἄλλοι

203 444 399 498 ποταμοὶ
433 439 601 485 πλωτοὶ
636 436 721 494 (ὧν
751 439 800 485 ἓν
829 442 889 501 τῷ
913 439 1105 499 ’Ἀμασίᾳ
1133 443 1332 501 Δροῦσος
1360 445 1584 502 Βρουκτέ-

202 534 306 575 ρους
317 515 349 573 ¹)
377 515 755 576 κατεναυμάχησε)
788 517 961 578 ῥέοντες
986 519 1194 573 ὡσαύτως
1214 518 1306 566 ἀπὸ
1324 522 1456 566 νότου
1475 519 1584 580 πρὸς

201 596 371 657 βοῤῥᾶν
401 600 476 641 καὶ
504 595 581 642 τὸν
613 594 827 641 ὠκεανόν·

214 712 216 715 .
251 698 253 700 -
292 674 368 719 His
407 674 543 721 verbis
582 677 703 728 igitur
737 674 889 717 Strabo
929 690 1004 718 nos
1045 680 1240 719 certiores
1281 678 1396 728 facit,
1438 678 1582 719 navale

203 754 396 808 proelium
416 755 521 794 inter
541 752 720 796 Drusum
742 753 1042 809 Bructerosque
1063 758 1102 795 in
1124 756 1280 796 Amisia
1301 756 1461 796 flumine
1485 770 1582 798 esse

201 835 474 882 commissum,
504 830 613 873 unde
632 830 854 875 Bructeros
884 832 937 874 ad
959 833 1155 874 Amisiam
1178 830 1383 885 fluvium’)
1416 833 1581 886 degisse

201 916 325 966 patet.
360 910 685 960 —1Pmeterea5
721 912 798 951 etsi
830 923 910 951 non
944 911 1190 965 exploratum
1224 916 1307 962 est,
1338 916 1470 953 utrum
1501 912 1581 952 hoc

201 990 394 1045 proelium
427 991 528 1030 iutra
555 988 839 1030 Bructerorum
871 988 973 1030 fines
1005 988 1153 1031 factum
1184 991 1239 1030 sit
1268 1003 1410 1040 necne,
1447 994 1581 1031 tamen

201 1069 402 1121 conjicere
434 1068 541 1118 licet,
574 1080 710 1108 eorum
742 1067 857 1119 fines,
891 1081 1009 1122 quum
1036 1070 1086 1109 iis
1109 1069 1254 1121 longae
1277 1081 1404 1109 naves
1427 1074 1579 1118 essent,

199 1145 343 1200 quibus
377 1159 467 1186 cum
499 1145 635 1187 classe
654 1145 841 1187 Romana,
869 1145 1059 1188 dimicare
1091 1145 1299 1197 auderent,
1331 1148 1579 1200 septentrio-

197 1238 287 1266 nem
320 1237 465 1265 versus
498 1238 628 1277 usque
659 1223 711 1265 ad
743 1237 829 1266 eam
862 1227 1088 1278 regionem,
1126 1224 1192 1265 ubi
1226 1226 1353 1266 amnis
1386 1226 1477 1278 ipse
1509 1237 1580 1265 na-

197 1305 323 1356 vigari
357 1307 506 1356 potest,
539 1304 721 1355 patuisse
752 1316 829 1343 nec
856 1303 939 1355 Jam
971 1302 1234 1356 improbabile
1267 1308 1344 1353 est,
1376 1302 1483 1343 hunc
1506 1316 1579 1356 po-

198 1380 333 1435 pulum
358 1393 485 1434 prope
504 1380 752 1422 Chasuarios
775 1394 800 1421 a
821 1379 987 1422 meridie
1009 1380 1184 1423 Chaucis
1207 1380 1414 1421 finitimum
1437 1380 1577 1421 fuisse.

288 1458 403 1501 Hauc
443 1460 681 1511 sententiam
723 1462 842 1501 etiam
883 1459 984 1500 alter
1021 1457 1236 1500 Strabonis
1277 1459 1415 1510 locus,
1454 1473 1577 1513 supra

192 1538 274 1592 jam
297 1536 458 1588 allatus,
490 1536 736 1591 comprobat,
768 1550 847 1591 quo
868 1536 1053 1578 Bructeri
1076 1535 1128 1577 ad
1151 1536 1389 1591 populorum
1411 1543 1577 1591 septen-

196 1616 405 1657 trionalem
426 1629 621 1656 oceanum
644 1616 910 1657 accolentium
937 1629 1142 1655 numerum
1165 1614 1413 1666 referuntur;
1445 1630 1578 1670 neque

196 1694 411 1749 quidquam
444 1707 520 1735 nos
551 1693 732 1749 impedit,
764 1696 976 1748 quominus
1003 1695 1119 1735 etiam
1142 1693 1377 1745 Bructeros,
1410 1707 1576 1748 quorum

195 1769 425 1827 Vellejus³)
449 1772 743 1827 expeditionem
766 1786 790 1815 a
812 1771 974 1814 Tiberio
997 1774 1036 1812 in
1060 1771 1287 1814 Germanos
1309 1787 1413 1815 anno
1436 1778 1576 1826 quarto

196 1866 236 1908 p.
260 1852 353 1895 Chr.
376 1867 413 1895 n.
449 1857 682 1906 susceptam
715 1865 882 1893 narrans
915 1853 1018 1892 inter
1040 1851 1240 1894 Attuaros
1273 1856 1313 1892 ct
1345 1848 1578 1894 Cheruscos

276 1960 301 2026 lx)
336 1986 431 2018 Num
465 1983 683 2019 civitatibus
717 1983 795 2017 illle
829 1984 1004 2017 Bructeri
1041 1984 1309 2018 adnumerandi
1346 1985 1443 2028 sint,
1483 1994 1579 2028 quae

193 2050 391 2084 amicitiam
417 2058 441 2084 a
457 2051 620 2084 Caesare
639 2050 826 2092 petierunt
851 2049 901 2091 (b.
918 2059 953 2092 g.
971 2049 1033 2083 lib.
1050 2051 1116 2083 IV.
1133 2059 1166 2083 c.
1187 2048 1260 2093 18),
1288 2033 1395 2084 certo
1415 2050 1577 2095 quidem,

195 2117 291 2159 quod
318 2117 364 2150 de
390 2116 623 2150 Ledeburius
650 2116 708 2158 (p.
728 2113 820 2157 174)
853 2115 962 2159 facit,
995 2116 1171 2150 contendi
1203 2125 1278 2150 non
1311 2119 1447 2158 potest.
1499 2119 1576 2151 Nec

194 2191 289 2216 vero
307 2181 537 2227 WersebeJo
559 2174 844 2217 assentiendum
872 2174 946 2226 est,
971 2183 1034 2224 qui
1056 2183 1217 2224 (volker
1236 2192 1271 2217 u.
1286 2184 1465 2217 volkerb.
1482 2193 1517 2225 p.
1532 2182 1578 2217 14

194 2252 232 2284 et
249 2245 313 2291 86)
339 2258 501 2293 pugnam
527 2248 625 2284 int-er
644 2251 804 2284 Drusum
822 2250 1102 2292 Bructerosque
1122 2249 1261 2284 factam
1278 2248 1315 2284 in
1334 2249 1444 2284 dubio
1461 2250 1576 2292 ponit.

273 2315 300 2360 ¹)
323 2317 398 2351 ,Per
421 2316 598 2351 Amisiam
625 2325 715 2350 vero
729 2315 888 2364 ‘Lupiam
914 2315 1066 2351 fluvium
1094 2325 1182 2351 esse
1199 2316 1483 2359 intelligendum
1509 2326 1576 2351 se-

194 2383 570 2420 cundum-Mannerti
603 2382 873 2418 auctoritatem
906 2381 1170 2426 (Geographie
1196 2383 1262 2416 der
1290 2381 1474 2435 ericen-en
1500 2384 1574 2417 und

193 2452 328 2484 Romer
356 2452 381 2483 t.
399 2451 464 2484 HI.
491 2460 525 2492 p.
545 2447 640 2492 2⁰7)
676 2448 756 2494 jam
782 2451 827 2484 de
853 2449 1085 2485 Ledeburius
1119 2449 1248 2492 (Laud
1274 2450 1347 2483 und
1374 2450 1474 2483 Volk
1500 2454 1575 2485 cet.

193 2526 227 2557 p.
247 2515 286 2558 9)
313 2516 476 2559 negavit.

270 2582 300 2623 ⁸)
327 2581 463 2627 veuej.
488 2583 637 2618 Patere.
662 2582 749 2626 (lib.
767 2583 815 2618 11.
841 2591 875 2617 ο.
896 2581 1008 2625 105):
1043 2584 1174 2625 Neque
1200 2571 1510 2626 verbis'exprimi
1536 2586 1576 2617 et

191 2648 359 2685 tortasse
395 2650 457 2687 vix
487 2650 627 2686 mereri
660 2647 770 2686 fidem
802 2652 948 2695 potent,
980 2650 1120 2687 intrata
1154 2649 1327 2693 protinus
1364 2651 1575 2692 Germania,
