1792 3095
897 168 960 213 22

233 295 412 349 fugatum
445 284 541 336 esse
573 293 835 336 Gannascum
868 307 892 336 a
925 291 1168 346 Corbulone,
1201 295 1281 349 qni,
1314 294 1500 338 omnibus
1529 292 1620 337 Fri-

234 377 386 416 siorum
418 373 543 415 rebus
574 373 783 425 ordinatis,
814 374 974 427 legatos
996 372 1059 416 ‘ad
1091 372 1283 415 Chaucos
1313 374 1491 427 majores
1521 373 1619 417 sub-

234 452 406 507 igendos
439 452 782 508 Gannascumque
816 452 909 494 dolo
944 451 1184 507 capiendum
1216 453 1382 494 miserit.

327 532 490 586 Quodsi
536 534 655 585 igitur
701 531 795 572 hinc
834 531 944 586 apud
983 530 1309 572 Frisiosfnisse
1350 529 1620 574 Corbulonem

235 613 364 667 liquet
393 625 526 666 neque
559 615 669 652 certe
702 608 930 664 negandum
964 615 1041 661 est,
1071 610 1231 663 legatos
1262 609 1316 652 ad
1338 609 1530 653 Chaucos
1561 613 1622 651 vi-

237 694 352 733 cinos
384 690 558 745 ideoque
589 689 642 732 ad
676 702 749 730 cos
783 702 879 729 esse
912 691 1085 740 mis-sos,
1119 690 1186 744 qui
1218 690 1324 730 inter
1354 689 1551 731 Amisiam
1583 694 1623 730 et

235 771 445 824 Visurgim
484 768 737 811 habitabant:
790 767 899 808 haud
940 766 1061 808 dubie
1104 782 1153 810 ex
1186 767 1316 809 Taciti
1354 769 1446 809 istis
1485 768 1623 809 verbis

237 855 420 906 apparet,
454 848 645 892 Chaucos
678 847 854 901 majores
886 846 1096 889 habitasse
1126 848 1231 890 inter
1256 847 1454 890 Amisiam
1487 853 1529 890 et
1548 847 1622 889 Vi,

237 932 409 983 surgim3
453 928 595 970 Tacito
636 940 734 969 vero
777 940 824 968 eo
868 929 996 981 magis
1036 925 1261 968 hahendam
1300 926 1420 968 fidem
1459 939 1624 977 censeo,

238 1022 359 1063 quum
399 1013 553 1050 tantum
593 1006 700 1049 absit
738 1011 783 1048 ut
820 1005 926 1048 idem
966 1006 1260 1061 geographicas
1292 1007 1431 1049 afferat
1461 1008 1624 1049 notitias

238 1092 283 1128 ut
315 1088 428 1129 solas
460 1100 529 1128 res
561 1087 779 1128 historicas
812 1085 1024 1126 nobiscum
1057 1088 1338 1130 communicet,

329 1165 420 1206 Jam
461 1164 707 1219 superfluum
749 1168 864 1205 esset.
894 1164 999 1204 hanc
1031 1177 1115 1204 rem
1149 1163 1332 1218 pluribus
1364 1166 1624 1218 investigare,

238 1248 317 1287 nisi
351 1244 430 1286 duo
462 1246 538 1285 viri
571 1243 700 1294 docti,
734 1242 824 1283 dico
857 1241 1130 1283 Reichardum
1164 1248 1206 1283 et
1235 1242 1540 1296 Wersebejum‚
1573 1242 1625 1284 ad

238 1324 465 1366 Ptolemaei
487 1323 767 1364 auctoritatem
791 1320 1039 1377 probandam
1061 1326 1297 1376 argumenta
1313 1323 1444 1365 omnis
1464 1323 1625 1377 generis

240 1405 474 1446 attulissent
513 1409 554 1443 et
585 1402 717 1443 Taciti
757 1402 881 1443 verba
914 1404 990 1452 ita,
1029 1406 1076 1442 ut
1104 1401 1327 1442 Ptolemaei
1361 1402 1496 1442 verbis
1529 1414 1625 1442 con-

239 1486 449 1536 gruerent,
482 1480 656 1523 fuissent
687 1480 960 1534 interpretati,
994 1493 1111 1534 quam
1144 1479 1196 1521 oh
1228 1493 1392 1522 causam
1426 1478 1477 1521 de
1506 1494 1625 1534 argu-

241 1563 387 1602 mentis
427 1560 478 1601 ab
517 1560 582 1600 his
623 1561 722 1600 viris
761 1558 896 1600 allatis
936 1558 1126 1600 nonnulla
1165 1558 1290 1602 verba
1326 1558 1521 1601 faciamus
1555 1572 1624 1603 ne-

242 1654 363 1681 cesse
396 1644 471 1682 est.

331 1713 595 1768 Reichardv)
629 1720 862 1770 argumenta
894 1730 1148 1772 nequaquam
1178 1716 1339 1759 efficere
1365 1722 1552 1772 possunt,
1583 1723 1628 1760 ut

241 1797 416 1853 pedibus
450 1811 537 1839 eam
570 1799 610 1838 in
644 1797 733 1850 ejus
766 1798 1021 1838 sententiam.
1068 1796 1177 1839 Nam
1200 1796 1309 1851 quod
1331 1799 1499 1852 primum
1521 1800 1626 1840 veri-

241 1879 412 1919 similius
445 1891 541 1919 esse
574 1875 793 1927 contendit,
826 1878 1065 1918 remotiores
1088 1875 1281 1918 Chaucos
1312 1878 1529 1919 orientales
1552 1878 1626 1921 ho-

323 2016 353 2055 ¹)
379 2014 568 2051 ChrIstisn
587 2015 755 2050 Gottlieb
769 2014 969 2051 Reichard:
996 2015 1219 2053 Germanien
1236 2018 1349 2051 unter
1367 2017 1438 2051 den
1451 2018 1627 2062 numeru,

239 2080 565 2125 Niirnberg1824.
590 2093 625 2125 p.
639 2079 706 2118 39:
732 2085 836 2126 „Aus
864 2082 992 2117 diesen
1011 2083 1176 2118 Worten
1202 2091 1288 2126 mag
1313 2092 1398 2117 man
1424 2084 1526 2118 wohl
1552 2085 1626 2118 tol-

242 2159 336 2192 gern
361 2150 524 2192 wollen,
560 2147 727 2183 Corbulo
761 2150 855 2182 habe
880 2158 953 2182 nur
978 2158 1027 2182 an
1053 2150 1113 2183 die
1137 2149 1207 2183 ihm
1233 2149 1626 2192 zunachstliegenden

242 2215 422 2252 schicken
448 2215 620 2258 konnen,
645 2214 703 2248 als
729 2213 789 2248 sei
814 2223 856 2248 es
883 2215 955 2249 den
973 2215 1136 2258 Spionen
1161 2224 1231 2259 gar
1257 2215 1360 2251 nicht
1376 2216 1535 2259 magnei:
1558 2226 1627 2261 ge-

242 2291 382 2326 wesen‚
409 2283 525 2316 durch
550 2281 609 2315 die
625 2280 818 2316 kleineren
837 2281 1257 2319 hindurchzukommen.
1281 2284 1403 2319 Allein
1421 2283 1503 2320 t'iirs
1522 2287 1626 2321 erote

240 2352 292 2385 ist:
318 2360 360 2385 es
389 2349 641 2393 natiirlicher,
666 2351 944 2395 anzunehmen,
970 2352 1053 2386 dats
1079 2360 1152 2386 nur
1176 2352 1235 2385 die
1260 2352 1516 2387 entt‘ernteren
1541 2354 1625 2387 tist-

240 2419 365 2453 lichen
392 2417 571 2453 Chauken
605 2415 710 2451 diese
733 2418 971 2452 Rfiuhereien
1004 2420 1160 2461 gewagt
1186 2419 1333 2461 hatten3
1367 2418 1448 2453 t‘iirs
1473 2420 1627 2465 zweite,

243 2485 326 2518 dass
352 2494 394 2518 es
422 2484 480 2518 die
515 2485 719 2527 grosseren
745 2493 895 2528 waren,
927 2485 985 2519 die
1017 2485 1097 2520 sich
1129 2487 1212 2521 dem
1237 2487 1461 2520 Gannascus
1487 2495 1627 2521 auver-

244 2553 412 2590 ttamen,
444 2551 537 2585 weil
570 2560 611 2586 er
644 2551 724 2585 sich
756 2560 806 2585 zu
840 2551 952 2586 ihnen
986 2553 1079 2587 oder
1112 2552 1177 2587 mit
1210 2552 1319 2587 ihnen
1356 2552 1501 2587 wieder
1533 2555 1626 2588 nach

242 2620 370 2652 nauso
403 2616 610 2660 goflfiehtot
641 2620 764 2663 hatte,
798 2619 874 2653 und
908 2627 982 2653 von
1015 2620 1085 2654 den
1111 2621 1273 2654 Romern
1308 2619 1365 2653 bel
1391 2619 1521 2664 ihnen,
1555 2621 1624 2655 den

242 2686 465 2729 grtttseren,
499 2687 658 2729 gesuoht
690 2687 850 2729 wurde3
889 2685 972 2721 tiirs
1004 2687 1139 2732 (iriae,
1171 2687 1254 2722 dass
1287 2686 1369 2722 sich
1399 2688 1625 2724 nanu-sous
