1792 3095
856 177 915 221 20

191 302 379 351 testatur,
410 298 513 340 haec
545 297 668 340 verba
701 297 856 341 faciens
888 296 962 353 (Π,
988 296 1086 351 ll)=
1126 297 1403 354 „Kar-§zoom
1429 298 1483 344 δὲ
1504 299 1578 358 νῆς

193 377 439 436 Γερμανίας
470 373 524 421 τὰ
555 391 636 435 μεν
666 376 789 437 παρὰ
820 375 898 423 τὸν
925 377 1072 436 Ρῆνον
1101 387 1305 435 ποταμου
1334 375 1578 438 ἀρχομένης

190 455 269 501 ὑπ’
301 456 481 517 ἅρατον,
513 460 559 502 οἵ
586 473 632 501 τε
653 454 955 517 Βουσοῖκτεροι
974 454 1019 501 οἳ
1037 459 1186 517 μικροὶ
1204 459 1278 501 καὶ
1308 454 1352 501 οἳ
1373 457 1579 515 Σύγγαμη

184 532 291 595 ’βροι
319 569 331 582 .
354 569 364 582 .
387 572 397 583 .
413 520 433 582 ν.
452 535 690 582 Ἐλάττονα
722 537 773 582 δὲ
803 536 918 596 ἔθνη
950 539 1025 581 καὶ
1054 535 1222 595 μεταξὺ
1250 543 1427 589 κεῖνται,
1458 538 1580 599 Koch-k

189 632 284 672 χων
314 633 398 675 μεν
426 618 516 663 τῶν
545 617 714 676 μικρῶν
743 620 817 662 καὶ
847 618 934 662 τῶν
965 618 1178 676 Σουήβων
1206 616 1506 676 Βουσάκτεροι
1537 614 1580 660 οἳ

190 694 401 753 μείζους.”
462 696 505 739 Is
551 700 654 739 enim
695 698 774 739 hoc
813 698 906 739 loco
945 699 1121 740 minores
1158 696 1401 751 Bructeros,
1441 695 1579 753 populi

199 778 361 820 scilicet
392 779 582 833 stirpem,
614 776 666 820 ad
697 778 890 832 majorum
924 777 1164 833 populorum
1197 791 1401 832 numerum
1443 776 1577 829 refert,

190 856 416 900 Bructeros
447 871 545 899 vero
574 857 764 911 maJores,
797 857 957 899 scilicet
979 858 1143 912 exiguas
1165 855 1358 913 quasdam
1381 859 1578 913 nationes,

193 952 297 993 quae
336 936 413 980 sub
455 935 606 979 ditione
637 938 833 979 minorum
865 937 1151 980 Bructerorum
1185 942 1317 990 erant,
1359 935 1578 980 minoribus

191 1017 356 1073 populis
387 1023 637 1061 annumerat.

282 1097 473 1153 Denique
515 1100 633 1140 etiam
671 1094 902 1140 Jornandes
942 1097 1115 1151 alicujus
1154 1099 1344 1138 momenti
1386 1100 1470 1149 est,
1511 1097 1578 1151 qui

191 1175 393 1228 „Gothos
424 1176 630 1218 minores''
662 1178 899 1218 immensum
931 1176 1124 1231 populum
1157 1171 1390 1227 nominat¹).

285 1255 412 1308 Haec,
446 1270 549 1311 quae
582 1255 718 1308 attuli,
758 1260 992 1310 argumenta
1026 1255 1217 1307 efficiunt,
1248 1260 1292 1297 ut
1323 1268 1450 1296 meam
1483 1267 1577 1296 sen-

192 1337 377 1387 tentiam,
411 1349 534 1390 supra
567 1335 786 1390 prolatam,
824 1337 1066 1388 sustineam,
1100 1333 1322 1377 secundum
1355 1347 1472 1389 quam
1505 1335 1578 1377 ηιί-Χ

192 1428 316 1457 nores
351 1413 504 1457 Chauci
536 1414 765 1458 nominandi
803 1420 899 1457 sunt
935 1414 1147 1470 „populus
1180 1416 1440 1469 originarius,
1480 1415 1507 1457 i.
1542 1427 1578 1456 e.

193 1493 347 1535 Chauci
388 1496 571 1549 proprii”
609 1495 786 1549 majores
836 1499 970 1535 autem
1010 1496 1194 1536 nationes
1234 1495 1434 1545 minores,
1476 1505 1579 1548 quae

194 1572 373 1615 Chaucis
422 1572 807 1626 adnumerabantur3
856 1586 959 1629 quae
1007 1579 1140 1616 tamen
1179 1575 1380 1615 sententia
1420 1574 1579 1615 minime

192 1657 234 1692 te
270 1651 458 1706 impedit,
503 1655 716 1707 quominus
759 1652 811 1695 ad
850 1652 1097 1707 „Majores”
1138 1651 1391 1694 Chaucorum
1433 1657 1579 1707 gentes

192 1732 307 1785 ipsas
337 1730 514 1783 referas,
557 1745 660 1787 quae
691 1734 820 1786 patria
852 1733 1015 1783 relicta,
1047 1734 1245 1786 novisque
1283 1734 1322 1773 in
1355 1734 1578 1787 propinquo

192 1809 363 1851 sedibus
410 1812 607 1864 quaesitis
648 1811 810 1852 vinculo
850 1809 1023 1866 quodam
1066 1825 1155 1852 cum
1198 1813 1326 1865 patria
1367 1811 1580 1853 manebant

193 1890 457 1943 conjunctae3
501 1914 557 1923 -——
602 1905 839 1946 quamquam
871 1889 1055 1932 Jacobus
1089 1889 1307 1931 Grimmius
1341 1893 1577 1932 contrariam

191 1971 432 2010 sententiam
454 1969 633 2023 protulit,
667 1966 874 2021 dicens'):
906 1968 1023 2020 „Die
1043 1967 1202 2010 kleinen
1224 1968 1408 2021 Friesen,
1443 1968 1578 2012 Chau-

191 2046 269 2088 ken
301 2047 385 2088 und
405 2046 625 2089 Brukterer
656 2047 758 2089 wird
791 2062 880 2089 man
902 2048 990 2089 also
1014 2046 1076 2088 fiir
1098 2046 1241 2088 solche
1262 2048 1397 2089 halten
1422 2047 1577 2101 durren,

193 2124 259 2166 die
297 2126 402 2167 nach
443 2125 516 2168 der
556 2132 692 2169 ersten
733 2126 1046 2179 niederlassung
1087 2125 1161 2167 des
1200 2123 1317 2167 volks
1358 2126 1446 2167 sich
1479 2126 1578 2168 iiber

194 2205 311 2244 einen
350 2203 445 2244 flurs
485 2204 633 2246 hinaus
675 2204 947 2246 verbreiteten
987 2203 1069 2245 und
1109 2218 1218 2246 zwar
1248 2204 1354 2245 noch
1386 2206 1437 2246 im
1469 2204 1578 2246 bund

191 2283 264 2322 mit
296 2281 374 2322 den
407 2282 575 2334 grofsen
606 2284 670 2325 fiir
700 2284 789 2324 sich
822 2283 953 2325 selhst
985 2285 1101 2325 einen
1137 2285 1279 2336 cignen
1303 2285 1441 2325 veroin
1473 2284 1577 2326 nach

190 2358 420 2403 besondrer
449 2360 694 2416 versassung
724 2361 937 2406 bildeten.’'

273 2557 304 2595 ¹)
329 2556 541 2591 Jornandes
569 2564 602 2590 c.
620 2552 685 2590 51:
712 2579 721 2589 .
738 2578 747 2589 .
766 2577 775 2589 .
793 2577 802 2589 .
829 2556 979 2599 „Erant
1003 2555 1183 2599 siquidem
1207 2558 1247 2592 et
1270 2556 1335 2592 alii
1361 2556 1490 2603 Gothi,
1516 2554 1578 2602 qui

192 2620 371 2657 dicuntur
396 2622 581 2666 Minores,
607 2623 770 2665 populus
796 2621 1028 2657 immensus”
1053 2626 1125 2657 cet.

271 2690 302 2726 ¹)
329 2687 489 2724 Grimm:
521 2689 743 2724 Geschichte
768 2690 835 2724 der
862 2689 1066 2725 deutschen
1095 2690 1278 2733 spraohe,
1303 2691 1328 2725 t.
1344 2691 1392 2727 11.
1418 2701 1452 2736 p.
1469 2690 1552 2728 678.
