1792 3095
836 154 894 196 40

168 279 370 321 tellexerit
401 283 470 319 aut
500 277 628 325 libros
662 277 751 330 ejus
785 280 945 319 omnino
977 292 1058 319 non
1088 274 1289 329 viderit¹).
1336 243 1558 320 Praeter-ea>

170 360 309 410 etiam,
352 359 428 399 etsi
467 371 565 399 vera
596 356 781 411 Pytheae
820 355 929 411 apud
960 356 1135 399 Plinium
1173 357 1297 399 verba
1330 359 1448 410 sint,
1471 358 1558 400 fieri

169 444 302 480 tamen
335 442 485 493 potest,
518 443 562 478 ut
595 442 741 488 errent,
774 439 841 492 qui
875 438 952 478 ista
984 437 1109 479 verba
1140 436 1192 479 ad
1225 450 1335 479 oram
1365 436 1556 480 Bon-ussi-

171 534 257 561 cam
297 518 489 560 referunt.
553 516 657 558 Nam
703 516 812 571 quod
852 516 904 558 ad
943 519 1152 565 succinum
1189 520 1355 568 attinet,
1392 520 1557 571 reperiri

169 598 275 640 idem
310 604 351 639 et
382 600 422 638 in
455 596 686 637 Germanici
720 598 842 637 maris
875 596 1019 637 insulis
1037 593 1081 648 ⁸)
1116 602 1154 638 et
1187 599 1227 637 in
1259 596 1443 638 omnibus
1475 599 1558 638 oris

169 677 357 731 Europae
390 678 608 730 praecipue
642 689 738 715 vero
766 677 805 715 in
825 675 961 716 Jutica
984 672 1241 730 peninsula³)
1274 679 1448 727 scimus3
1482 691 1560 718 nec

171 759 304 796 minus
338 750 689 807 Schweigerus⁴)
731 753 932 808 prioribus
971 754 1222 808 temporibus
1255 756 1429 798 in-locis
1463 768 1558 798 esse

174 836 362 890 ejectum,
393 833 460 875 ubi
484 847 589 874 nunc
610 847 661 874 ne
683 835 899 886 vestigium
922 832 1080 888 quidem
1105 836 1296 889 supersit,
1329 848 1405 876 nos
1429 834 1559 882 docet,

266 914 534 968 Conjecturas
567 927 664 955 vero
700 918 865 968 propter
896 915 1066 955 nominis
1099 914 1396 956 similitudinem
1429 914 1560 956 factas

175 994 225 1036 de
264 995 397 1048 gentis
440 991 651 1046 cujusdam
684 991 830 1034 finibus
864 992 1160 1035 constituendis
1194 1007 1393 1049 persaepe
1425 996 1478 1035 in·
1499 1009 1560 1037 er-

173 1087 304 1114 rorem
338 1072 559 1123 induxisse,
592 1077 726 1112 notum
762 1076 844 1122 est3
879 1086 1001 1126 quare
1034 1073 1560 1127 neque-„Teutenwinkel”

173 1154 361 1208 paroecia
397 1153 513 1206 juxta
545 1150 810 1192 Rostockium
843 1148 979 1204 sita³)
1018 1165 1157 1206 neque,
1188 1151 1459 1204 „Medenau”
1495 1155 1560 1208 qui

175 1232 364 1274 Sambiae
398 1245 527 1286 pagus
552 1227 659 1282 est⁸)
692 1244 755 1271 me
777 1230 981 1272 adducere
1003 1236 1190 1286 possunt,
1219 1236 1263 1272 ut
1286 1230 1558 1283 Teutonorum

176 1311 300 1353 sedes
334 1314 492 1353 nonnisi
526 1311 579 1353 ad
611 1325 718 1351 mare
750 1310 949 1351 Balticum
983 1325 1140 1365 ponam.
1201 1312 1293 1364 Quo
1323 1312 1415 1365 jure
1448 1312 1561 1353 deni..

177 1406 275 1446 que,
317 1393 383 1445 qui
416 1389 688 1432 Teutonorum
722 1395 864 1444 gentes
898 1389 949 1431 ad
981 1404 1091 1432 mare
1122 1389 1320 1431 Balticum
1354 1390 1561 1433 habitasse

177 1469 446 1521 contendunt,
494 1470 660 1511 Tanaim
707 1469 922 1510 Strabonis
965 1483 1038 1523 per
1078 1468 1278 1527 Vistulam
1321 1471 1561 1523 intelligunt,

177 1549 318 1592 eodem
357 1550 448 1604 jure
491 1549 693 1591 nobismet
733 1548 898 1591 Tanaim
940 1563 1011 1604 per
1047 1548 1207 1590 fluvium
1241 1548 1397 1601 Albim,
1443 1550 1561 1592 Men-

176 1638 367 1671 tonomon
399 1634 530 1670 autem
566 1643 638 1683 per
671 1643 779 1671 oram
812 1628 947 1671 Jutiae
979 1634 1143 1670 nostrae
1177 1627 1468 1671 occidentalem
1501 1632 1561 1670 in-

176 1710 408 1762 teiligamus
439 1703 591 1760 licet⁷).

257 1867 286 1906 ¹)
312 1864 397 1914 περὶ
420 1864 480 1900 τοῦ
504 1863 664 1900 ὠκεανοῦ
689 1862 751 1899 καὶ
766 1864 834 1912 γῆς
857 1864 1045 1914 περίωδος.
1071 1862 1176 1899 conf.
1194 1865 1360 1899 Lelewel
1378 1864 1562 1909 (Pytheas

178 1936 223 1968 de
247 1933 441 1968 Max-seille
466 1936 504 1967 et
530 1933 568 1967 la
594 1930 826 1976 geographie
851 1934 897 1966 de
924 1942 995 1966 son
1016 1937 1148 1975 temps.
1174 1933 1282 1966 Paris
1302 1930 1407 1967 1836.
1435 1943 1467 1976 p.
1485 1931 1564 1973 25).

256 2003 288 2042 ¹)
317 2012 350 2035 v.
369 2001 532 2044 Decken,
558 2000 1397 2043 Philosphisch-historisch-geographische
1425 2002 1564 2035 Unter-

179 2071 401 2111 suchungen
428 2067 521 2102 iiber
547 2067 606 2101 die
631 2069 735 2101 Insel
764 2068 983 2110 Helgoland.
1021 2069 1225 2101 Hannover
1259 2064 1364 2101 1820.
1389 2076 1423 2109 p.
1441 2064 1499 2101 36.

257 2138 287 2174 ³)
316 2146 350 2169 v.
370 2135 543 2176 flecken,
570 2144 605 2177 p.
623 2131 690 2168 221
713 2136 751 2167 et
768 2131 860 2177 240,
894 2136 931 2167 et
958 2134 1126 2168 Lelewel
1161 2133 1239 2173 (die
1266 2134 1564 2177 Entdeckungen

179 2205 248 2236 der
275 2202 482 2244 Carthager
510 2201 583 2234 und
611 2200 795 2234 Griechen
821 2200 890 2234 aut=
912 2200 994 2233 dem
1021 2199 1271 2234 atlantischen
1298 2199 1438 2235 ocean.
1474 2203 1563 2235 Rer-

179 2270 233 2304 lin
260 2266 368 2303 1831.
392 2278 427 2310 p.
446 2264 503 2301 12.
521 2264 580 2301 43.

257 2339 290 2376 ⁴)
323 2339 367 2371 A.
392 2337 433 2370 F.
458 2334 697 2379 schweiger:
741 2335 1053 2380 Beobachtungen
1094 2336 1163 2371 auf
1196 2334 1564 2372 natm-historischen

178 2404 329 2440 Reisen.
364 2401 468 2439 1819.

259 2475 290 2511 ⁸)
317 2472 523 2514 Reichard,
550 2469 775 2505 Germanien
801 2481 839 2513 p.
857 2467 914 2504 74.

260 2539 291 2577 ⁶)
318 2539 501 2572 Schlozer
535 2538 559 2570 1.
586 2546 618 2570 c.

262 2606 293 2643 ⁷)
327 2605 507 2638 solebant
542 2604 638 2638 enim
673 2603 807 2638 Graeci
847 2603 952 2638 illum
990 2602 1142 2638 fluvium
1174 2602 1324 2638 Tanaim
1364 2604 1565 2649 appellare,

182 2679 288 2716 quem
313 2671 351 2706 in
378 2670 556 2706 extremis
584 2670 687 2706 orbis
716 2673 900 2706 terrarum
934 2668 1070 2707 finibus
1103 2670 1218 2706 situm
1244 2678 1331 2705 esse
1361 2669 1565 2714 opinaban-
