1792 3095
850 180 908 223 46

186 300 359 353 Saxoni3
400 303 526 357 prima
567 300 724 355 syllaba
756 299 814 342 Sa
847 314 1016 356 prorsus
1048 302 1220 354 amissa,
1259 299 1427 344 dein-X
1459 305 1499 343 et
1528 299 1571 342 N

187 383 335 423 vitiatis
368 383 408 422 in
431 380 463 422 F
488 386 527 423 et
550 380 614 422 S”
649 386 689 421 et
722 379 868 421 deinde
901 380 966 421 his
998 383 1213 436 expositis:
1247 379 1438 432 „Ex'his
1465 381 1570 421 satis

184 460 438 503 manifestum
461 460 518 512 fit,
550 458 714 502 easdem
737 461 920 502 tenuisse
942 459 1067 502 sedes
1090 459 1289 513 Saxones,
1322 472 1429 514 quas.
1448 458 1570 501 Fosis

184 539 306 588 tradit
345 539 554 582 Tacitus.'’
622 539 756 594 Quam
797 541 1025 595 opinionem
1064 545 1197 583 tamen
1238 539 1329 582 ideo
1368 538 1570 582 Cluverus

184 620 372 663 attulisse
395 619 552 663 videtur
584 624 628 662 ut
658 623 898 664 sententiam
932 635 1060 672 suam,
1092 620 1328 664 Cheruscos
1357 624 1487 675 usque
1510 617 1571 662 ad

185 699 389 755 oppidum,
424 697 531 755 quod
566 698 711 741 dicitur
741 699 967 754 Hamburg,
1000 700 1209 743 habitasse
1240 699 1533 755 comprobaret.

276 779 411 832 Quum
444 784 576 821 autem
611 784 764 821 certum
797 781 873 831 sit,
913 784 1112 834 utsupra
1145 778 1461 822 demonstratum
1495 783 1571 830 est,

183 857 439 900 Chaucorum
470 857 573 901 fines
604 858 657 901 ad
678 858 815 901 Albim
845 858 1009 901 fiuvium
1042 872 1172 923 usque
1203 858 1330 901 fuisse
1359 863 1571 913 porrectos

184 943 306 992 atque
337 951 360 979 a
392 937 673 991 Langobardis
714 952 809 981 esse
844 952 1066 993 possessos
1104 952 1225 992 agros
1261 940 1300 980 in
1333 939 1419 992 ripa
1451 936 1570 995 Albis

184 1018 349 1058 sinistra
381 1019 504 1068 sitos,
545 1016 596 1058 ab
629 1017 842 1059 occidente
874 1017 1095 1060 Cheruscis
1129 1023 1168 1059 et
1206 1017 1256 1060 ab
1297 1018 1571 1072 septentrione

185 1095 362 1137 Chaucis
401 1094 613 1147 finitimos,
644 1102 856 1150 praeterea
888 1095 1151 1137 Ptolomaeus
1182 1098 1273 1151 ipse
1305 1095 1491 1137 Saxones
1530 1097 1571 1136 in

182 1172 317 1217 Jutica
352 1174 564 1229 peninsula
597 1174 826 1217 habitantes
858 1174 992 1227 saciat,
1024 1189 1104 1216 non
1127 1189 1230 1230 opus
1252 1180 1317 1217 est
1344 1180 1388 1217 ut
1409 1175 1570 1217 Cluveri

184 1254 438 1305 sententiam,
471 1254 610 1306 jama
643 1254 777 1296 multis
810 1256 908 1295 viris
942 1253 1073 1295 doctis
1086 1249 1118 1307 ¹)
1149 1259 1440 1309 oppugnatam,
1481 1253 1571 1308 plu-

184 1332 297 1374 ribus
318 1332 622 1386 redarguamus,
654 1338 832 1375 nostram
865 1336 1104 1376 sententiam
1130 1332 1182 1375 de
1202 1333 1399 1376 Fosorum
1424 1332 1569 1374 finibus

186 1410 468 1453 describendis
500 1425 624 1466 supra
658 1413 852 1466 prolatam
890 1408 1134 1464 tenentes’).

274 1489 364 1532 Jam
398 1505 494 1532 vero
519 1487 827 1545 Angrivarios⁸)
856 1491 1078 1543 videamus,
1111 1489 1258 1546 quibus
1280 1489 1470 1532 Chaucos
1501 1502 1570 1532 se·-

185 1568 357 1611 cundum
390 1569 526 1612 Fosos
558 1572 702 1612 vicinis
743 1586 841 1613 usos
882 1584 978 1613 esse
1019 1576 1129 1625 puto.
1193 1569 1260 1612 De
1299 1570 1379 1612 hoc
1419 1569 1569 1624 populo

184 1647 351 1691 Tacitus
391 1651 431 1691 in
470 1648 605 1693 libello
649 1648 699 1693 de
740 1650 955 1694 Germania
997 1652 1229 1706 conscripto
1271 1650 1326 1704 (c.
1358 1646 1569 1703 XXXIII)

183 1730 236 1770 ita
278 1735 433 1772 narrat:
472 1729 625 1782 „Juxta
667 1730 892 1772 Tencteros
924 1730 1108 1773 Bructeri
1149 1730 1243 1772 olim
1282 1729 1568 1772 occurrebant:

183 1824 288 1852 nunc
310 1810 539 1853 Chamavos
572 1817 613 1853 et
636 1812 900 1864 Angrivarios
933 1813 1186 1865 immigrasse
1213 1815 1409 1862 narratur,
1440 1808 1569 1864 pulsis

182 1886 393 1932 Bructeris
426 1904 475 1932 ac
507 1892 669 1946 penitus
703 1891 854 1932 excisis
872 1919 881 1930 .
903 1920 913 1932 .
933 1921 942 1932 .

275 1968 352 2009 Hic
383 1969 500 2011 locus
533 1976 679 2021 tamen,
713 1983 801 2011 cum
828 1968 1081 2011 manifestum
1104 1971 1170 2021 sit,
1201 1968 1422 2010 Bructeros
1445 1989 1503 1998 -—
1526 1972 1569 2009 ut

182 2047 283 2090 infra
308 2046 535 2092 videbimus
557 2069 616 2080 -——
640 2063 889 2105 nequaquam
911 2050 1100 2105 „penitus
1123 2048 1313 2091 excisos'’
1336 2062 1445 2101 esse,
1470 2047 1568 2090 nihil

182 2162 267 2169 ..n-‚⁴

266 2224 291 2266 ¹)
327 2225 382 2257 De
416 2223 528 2258 Fosis
562 2223 677 2266 longe
715 2224 867 2266 lateque
908 2222 1148 2267 disputarunt
1188 2221 1260 2259 viri
1293 2222 1416 2268 docti,
1455 2223 1566 2267 legas

182 2300 325 2335 quaeso
353 2291 561 2333 Spenerum
587 2291 748 2333 (Notitia
772 2293 882 2337 eta),
909 2285 972 2335 qu'i
996 2292 1078 2328 fere
1103 2299 1234 2329 omnes
1259 2290 1471 2332 sententias
1498 2291 1566 2325 hac

183 2361 228 2394 de
253 2367 296 2395 re
320 2359 530 2402 congestas
556 2357 793 2395 examinavit.

260 2427 288 2468 ²)
323 2424 558 2460 beibnitzius
591 2425 747 2468 (script.
778 2435 852 2461 rer.
885 2427 1044 2461 Brunsv.
1077 2426 1179 2462 Tem.
1203 2426 1233 2459 Ι.
1264 2423 1385 2468 212.
1418 2425 1499 2460 not.
1523 2422 1566 2463 9)

181 2493 323 2536 primus
350 2494 446 2527 hanc
471 2491 697 2527 sententiam
723 2492 932 2535 protulisse
959 2492 1119 2528 videtur.

265 2559 292 2602 ³)
320 2559 537 2603 Angrivarii
568 2560 656 2593 Tac.
683 2561 806 2594 Germ.
828 2556 895 2603 33,
929 2562 1023 2594 Ann.
1046 2559 1112 2594 lib.
1131 2559 1178 2594 11.
1204 2568 1237 2593 c.
1259 2556 1294 2593 8.
1318 2554 1376 2593 19.
1395 2554 1454 2591 22.
1488 2560 1564 2604 Ay-

180 2625 390 2676 γριουάριοι
421 2628 577 2661 Ptolem.
599 2628 654 2672 11,
681 2625 738 2661 ll.
788 2627 1029 2671 Anglevarii:
1070 2626 1215 2662 Notitia
1247 2624 1477 2669 Dignitatum
1508 2626 1564 2659 ed.

181 2694 362 2739 Boc-king.
403 2695 553 2730 Bonnae
579 2691 685 2730 1849.
716 2704 753 2738 p.
778 2691 837 2730 20.
