1792 3095
880 189 938 231 45

213 309 438 362 exstitisse,
470 309 587 366 quem
621 314 670 352 ex
689 309 970 363 Langobardis
992 312 1232 353 nominatum
1261 325 1356 353 esse
1377 324 1494 352 nemo
1517 324 1596 352 non

218 389 403 443 iutelligit
415 385 458 442 ¹).

309 467 582 511 Transeamus
614 468 666 511 ad
694 467 929 521 Fosos,·de
960 470 1105 525 quibus
1136 469 1302 512 Tacitus
1334 468 1493 522 (Germ.
1518 467 1596 522 36)

218 548 322 591 haec
351 548 474 594 verba
504 548 619 590 facit:
649 547 792 601 „Tanti
824 550 937 590 ruina
958 549 1253 592 Cheruscorum
1287 554 1327 591 et
1355 548 1469 600 Fosi,
1499 562 1597 590 con-

214 628 384 671 termina
404 641 540 683 gens,
580 627 840 671 adversarum
872 642 1003 671 rernm
1036 643 1085 672 ex
1115 643 1243 686 aequo
1276 630 1401 681 socii,
1435 641 1524 669 cum
1558 629 1597 668 in

219 707 413 750 secundis
444 710 618 750 minores
649 707 863 754 fuissent.'’

249 813 252 815 v
312 786 378 829 De
401 801 485 843 quo
501 787 665 844 populo,
696 802 814 844 quum
847 787 953 844 apud
979 794 1138 831 veteres
1171 791 1406 845 scriptores,
1439 790 1598 842 praeter

220 866 338 908 hunc>
359 867 487 909 Taciti
520 868 653 929 locum
682 868 899 920 laudatum,
933 870 1027 910 nihil
1060 869 1247 911 traditum
1278 870 1482 918 invenias,
1514 868 1597 919 jam

213 960 324 1002 ropus
358 953 442 1000 est,
475 951 518 989 ut
549 950 770 1002 nominum,
808 962 911 1004 qnae
943 962 967 990 a
998 947 1120 990 Fosis
1153 947 1272 990 dueta
1304 946 1503 999 videntur,
1534 959 1597 987 ra-

221 1029 368 1068 tionem
405 1027 637 1070 habeamus.
703 1027 948 1070 Sumendum
982 1042 1078 1070 vero
1120 1034 1183 1070 est
1222 1033 1388 1083 propter
1425 1027 1596 1067 nominis

221 1105 545 1160 similitudinem,
584 1106 717 1150 Fosos
757 1107 881 1150 sedes
919 1106 1204 1150 habuisse·ad
1235 1106 1381 1148 Fusam
1421 1104 1598 1155 fluvium,

221 1189 286 1240 qui
325 1187 365 1227 in
407 1192 559 1239 monte,
601 1190 667 1242 qui
700 1187 845 1229 dicitur
875 1186 1019 1240 Hartz,
1059 1192 1172 1229 ortus
1204 1189 1243 1227 in
1276 1186 1439 1227 Aleram
1473 1197 1599 1239 prope

221 1264 357 1307 Cellas
398 1265 535 1308 influit.
599 1265 690 1309 Huc
730 1266 909 1320 accedit,
957 1265 1063 1322 quod
1105 1263 1435 1319 „Fosenbrock”
1483 1263 1598 1304 locus

221 1357 348 1399 prope
378 1345 525 1386 flumen
551 1344 700 1387 Ocram
732 1349 771 1387 in
804 1346 1070 1401 praefectura,
1102 1360 1205 1401 quae
1232 1350 1401 1387 vocatur
1421 1343 1599 1385 Meiner-

222 1438 316 1476 sen,
356 1426 459 1466 situs
498 1416 695 1467 Fosorum
736 1428 963 1468 memoriam
1003 1426 1120 1467 nobis
1161 1427 1319 1466 nomine
1358 1438 1434 1465 suo
1474 1423 1599 1474 affert,

221 1503 327 1544 unde
347 1502 482 1545 Fosos
514 1517 537 1544 a
559 1503 858 1546 Cheruscorum·
889 1504 1193 1560 septentrionali
1225 1509 1339 1559 parte
1370 1502 1598 1544 habitantes

221 1596 245 1624 a
277 1582 440 1626 meridie
468 1578 647 1625 *Chaucis
678 1583 808 1625 fuisse
839 1583 1027 1626 finitimos
1060 1583 1264 1638 conjicere
1295 1583 1401 1625 licet.

313 1662 446 1715 Quum
479 1676 576 1705 vero
600 1663 833 1707 Cheruscos
867 1677 961 1706 esse
991 1665 1123 1705 victos
1146 1678 1169 1705 a
1192 1663 1350 1705 Chattis
1373 1660 1404 1703 F
1407 1674 1599 1716 ososque,

221 1744 361 1793 „ruina
383 1742 680 1785 Cheruscorum
703 1748 837 1785 tactos
859 1743 1013 1785 fuisse”
1041 1748 1216 1794 constet,
1247 1741 1465 1783 mirandum
1490 1745 1600 1784 certe

222 1834 301 1861 non
331 1821 668 1873 videtur,⁴-Fosos
691 1825 807 1877 quasi
829 1823 1012 1864 sublatos
1036 1837 1084 1864 ex
1105 1823 1271 1863 historia
1294 1836 1369 1863 nec
1392 1822 1601 1861 memorari

223 1914 245 1941 a
277 1899 511 1942 Ptolemaeo
544 1915 620 1942 nec
651 1915 794 1942 nomeu
821 1915 926 1956 pago
950 1901 1119 1953 cuidam,
1154 1903 1219 1956 qui
1243 1905 1387 1952 exstet,
1421 1899 1600 1942 dedisse.

222 1978 362 2033 ltaque
384 1980 581 2021 Cluverus
615 1979 676 2032 (in
699 1979 836 2023 Germ.
860 1986 939 2021 ant.
964 1994 1003 2034 p.
1028 1979 1139 2031 593)
1162 1979 1381 2021 falsissime
1403 1981 1601 2034 opinatur,

222 2057 356 2100 Fosos
389 2057 554 2100 eosdem
589 2058 718 2101 fuisse
747 2064 867 2114 atque
888 2055 1131 2110 Saxones2).
1183 2058 1354 2110 „Malim
1388 2058 1601 2113 suspicari,

224 2140 370 2192 inquit,
418 2138 525 2193 apud
566 2137 749 2185 Tacitum
790 2144 1017 2194 corruptam
1061 2152 1156 2180 esse
1198 2152 1339 2179 vocem
1381 2137 1479 2179 Fosi
1527 2151 1598 2192 pro

304 2302 337 2339 ¹)
360 2303 442 2336 Non
473 2301 711 2336 dubitandum
743 2304 822 2347 est,
856 2302 944 2345 quin
971 2302 1211 2346 Langobardi
1243 2302 1431 2337 meridiem
1462 2310 1601 2336 versus

224 2368 269 2402 ad
297 2367 468 2415 oppidum
495 2377 625 2412 usque,
651 2369 750 2412 quod
775 2368 881 2403 hodie
909 2370 1068 2403 vocatur
1091 2371 1324 2413 magdeburg
1350 2378 1393 2403 se
1418 2369 1602 2403 extende-

224 2434 311 2469 rint.
350 2435 424 2469 Sed
450 2436 519 2470 hoc
545 2435 688 2470 omitto.
729 2437 827 2471 Illud
854 2437 978 2471 tamen
1006 2438 1259 2480 quaerendum
1285 2439 1357 2481 est,
1383 2445 1455 2478 quo
1481 2444 1603 2478 usque

227 2503 554 2545 Langobardorum
571 2500 667 2537 fines
685 2503 935 2546 pertinuerint
951 2504 996 2539 ad
1015 2504 1307 2547 septentrionem
1327 2511 1476 2538 versus.
1498 2502 1604 2538 Cont'.

226 2568 404 2603 wilhelm
431 2571 575 2610 (Germ.
600 2580 635 2613 1).
652 2568 755 2610 283).

302 2637 333 2675 ⁸)
360 2638 521 2673 Eandem
548 2637 771 2673 sententiam
798 2637 1001 2673 baccarius
1029 2639 1140 2677 (nota
1155 2637 1201 2672 ad
1221 2637 1344 2673 Germ.
1360 2638 1448 2673 Tac.
1464 2635 1521 2673 36.
1537 2635 1604 2677 37)

224 2702 381 2745 profert.
