1792 3095
839 190 894 242 61

181 316 256 364 sed
278 320 503 373 Angrivarii
524 321 584 351 --’
606 316 714 374 quod
740 326 865 374 supra
888 319 1190 360 demonstrasse
1221 317 1314 360 mihi
1335 313 1478 359 videor
1503 341 1554 352 —-

179 398 424 442 habitabant.
483 398 624 453 ltaque
655 398 898 453 geographia
931 412 1044 441 meae
1076 400 1302 440 sententiae·
1332 398 1454 450 favet,
1486 410 1560 451 per

173 467 422 538 ’Λμψανῶν
448 477 649 533 'populum‘
674 468 938 530 Angrivarios
972 488 1067 518 esse
1097 475 1395 530 inteliigendos.

201 559 224 569 ”
250 556 614 598 Ἠθεσέἐηῒοὴῒίε
638 558 757 597 etiam
787 556 956 596 historia
986 555 1235 610 comprobari
1269 555 1362 595 mihi
1385 554 1555 596 videtur.

181 633 314 689 Supra
347 636 449 675 enim
482 636 522 674 in
554 632 700 675 finibus
723 634 1048 687 Angrivariorum
1072 632 1350 675 describendis
1372 632 1558 683 vidimus,

180 711 516 752 bis‘Stertinium
558 726 581 752 a
623 708 864 753 Germanico
906 703 1002 753 esse
1049 714 1214 753 missum
1256 714 1295 751 in
1337 711 1558 752 seditiosos

181 791 465 843 Angrivarios:
489 788 597 831 unde
617 794 811 845 sequitur,
837 796 878 831 ut
898 789 1017 831 iidem
1039 792 1142 830 inter
1165 792 1360 843 primores
1383 789 1557 843 populos

180 867 412 909 numerandi
435 870 528 919 sint,
558 868 612 909 de*
631 867 1065 922 q’nibusGermanicus
1087 867 1357 921 triumphavit,
1389 866 1430 906 id
1452 866 1560 919 quod

182 938 308 987 etim
340 944 696 999 Tacitus‘liquido
730 944 845 986 dicit:
887 943 1070 998 (anain,
1093 944 1173 997 41)
1213 944 1348 996 „Gajo
1382 944 1558 985 Caecilio

180 1022 574 1079 Lucio‘Pom'ponio‘
600 1022 833 1065 consulibus
857 1022 1122 1065 Germanicus
1145 1023 1298 1065 Caesar
1328 1028 1421 1064 ante
1455 1021 1558 1063 diem

182 1104 393 1157 septimum
425 1101 632 1144 Kalendas
652 1101 796 1144 Junias
821 1102 1087 1156 'triumphavit
1120 1100 1170 1141 de
1193 1101 1413 1143 Cheruscis
1436 1101 1559 1142 Chat·

180 1182 316 1234 tisque
353 1186 393 1221 et
433 1181 704 1234 Angrivariis,
750 1192 932 1235 quaeque
970 1180 1074 1221 aliae
1112 1181 1296 1220 nationes
1337 1178 1560 1234 usquead

182 1257 316 1300 Albim
324 1273 326 1275 ’
338 1257 519 1303 -colunt.’'

273 1333 409 1388 Q'uuin
439 1336 536 1377 vero
567 1336 717 1377 Strabo
750 1338 992 1389 triumphum
1014 1335 1246 1375 Germanici
1273 1336 1561 1388 'copiosissime

184 1399 527 1456 descrihensnon
551 1413 670 1456 modo
694 1416 868 1457 minores
891 1405 1230 1467 obscurioresque
1251 1413 1427 1467 populos
1452 1427 1561 1454 com—

180 1491 401 1542 m·emoret‘‚'
435 1491 510 1532 sed
550 1492 619 1532 vei
656 1492 840 1545 singulos
880 1492 1062 1532 homines
1095 1492 1297 1542 nominet,
1342 1490 1561 1530 mirandum

184 1576 293 1611 certe
316 1576 449 1621 esset,
481 1571 816 1623 si'Angriv'arios‚
848 1573 1068 1624 principem
1095 1571 1205 1611 hunc
1226 1570 1429 1623 populum,
1462 1572 1561 1610 omi-

183 1648 309 1689 sisset
339 1646 511 1702 ideoque
544 1653 732 1690 constare
764 1648 944 1699 videtur,
987 1661 1059 1702 per
1088 1645 1336 1704 Ἀμψανῶν
1368 1647 1558 1702 populum

183 1725 465 1777 intelligendos
500 1739 594 1766 esse
626 1727 903 1778 Angrivarios.

274 1802 319 1844 Si
360 1805 426 1857 qui
467 1809 598 1846 autem
624 1810 803 1859 'propter
843 1803 1042 1846 diversam
1082 1805 1281 1845 nominum
1323 1805 1561 1858 scripturam

184 1883 421 1923 sententiam
455 1884 581 1923 meam
615 1879 854 1936 vituperent,
887 1883 943 1923 iis
962 1888 1070 1923 certe
1091 1881 1274 1923 Krameri
1296 1881 1414 1924 V.D,
1439 1882 1562 1924 verba

184 1958 421 2012 objecerim:
452 1958 589 2011 „Inter
615 1962 758 2011 omnia,
790 1961 929 2014 inquit,
950 1959 1209 2002 >Graecarum
1240 1961 1443 2002 literarum
1476 1974 1562 2002 mo-

183 2043 383 2089 numenta,
416 2035 525 2091 quae³
542 2036 700 2092 quidem
724 2037 775 2080 ad
793 2038 899 2080 'hanc
922 2044 1092 2080 aetatem
1117 2046 1397 2092 pervenerunt,
1422 2042 1559 2080 nescio

183 2129 233 2156 au
273 2116 421 2156 nullum
463 2118 516 2156 sit
555 2114 661 2169 quod
708 2117 941 2170 iniquiorem
985 2116 1181 2157 fortunam
1221 2117 1404 2157 habuerit
1443 2131 1559 2171 quam

184 2192 397 2234 Strabonis
416 2191 700 2246 Geographica
719 2226 728 2235 .
747 2225 756 2236 .
775 2226 784 2237 .
809 2205 929 2248 porro
950 2193 1241 2245 (praefationis
1260 2209 1296 2248 p.
1316 2193 1560 2246 LXXXIV)

184 2269 259 2312 sed
290 2275 371 2311 non
403 2272 617 2325 pauciores
657 2275 786 2326 paene
825 2277 919 2313 sunt
958 2272 1036 2312 ioci
1071 2274 1363 2326 corruptissimi
1396 2278 1435 2313 et
1467 2274 1559 2325 ipsi,

184 2347 236 2388 ad
269 2360 375 2401 quos·
403 2348 607 2389 sanandos
642 2361 729 2389 cum
753 2350 817 2389 vel
849 2350 986 2402 optimi
1019 2349 1184 2389 codices
1217 2362 1354 2402 parum
1387 2350 1560 2400 valeant,

186 2427 415 2480 conjectura
449 2440 553 2481 opus
587 2432 676 2472 est.
695 2458 705 2470 .
725 2459 734 2469 .
753 2459 762 2470 .
803 2442 878 2468 nec
912 2429 1041 2468 minus
1075 2428 1135 2482 (p.
1158 2425 1441 2477 LXXXVHI)
1461 2459 1469 2470 .
1488 2459 1498 2469 .
1521 2462 1529 2471 .
1549 2461 1558 2470 .

184 2504 279 2548 inde
311 2503 499 2563 efficitur,
539 2509 582 2560 ut
620 2518 915 2561 nonnumquam.
945 2505 1089 2547 dubius
1122 2505 1311 2558 haereas,
1351 2521 1560 2561 quamnam

185 2586 424 2637 scripturam
455 2597 479 2625 a
510 2582 710 2625 Strabone
743 2584 961 2639 profectam
995 2599 1090 2626 esse
1131 2591 1271 2639 putes,
1313 2589 1481 2628 maxime
1522 2589 1562 2628 in

379 2654 405 2678 0
