1792 3095
875 177 934 219 32

206 297 439 352 regionibus
476 297 640 340 sedisse
671 303 904 351 teneamus;
949 312 1052 354 quae
1083 300 1218 352 opinio
1252 302 1414 353 egregie
1445 298 1589 340 confir-

205 383 336 420 matur
369 380 485 420 ctiam
518 379 758 434 auctoritate
788 377 945 420 Claudii
977 377 1201 420 Ptolemaei
1234 379 1301 432 qui
1333 378 1589 422 haecverba

205 457 328 498 habet
350 456 423 509 (ΙΙ,
444 458 537 510 11):
575 455 669 501 'Em
688 457 766 501 τὸν
785 455 953 511 αὐχένα
973 457 1047 515 τῆς
1067 456 1305 514 Κιμβρικῆς
1323 457 1591 515 χερσονήσου

205 536 422 589 :oisem-
454 533 592 595 αὐτὴν
621 536 672 580 δὲ
698 536 777 595 τὴν
801 534 1068 595 χερσόνησον
1091 533 1201 593 {mse
1220 537 1303 593 μὲν
1322 533 1422 587 τοὺς
1442 536 1589 589 augo-

205 630 298 669 νες,
329 615 601 671 Σιγούλωνες
623 646 634 658 .
652 646 663 659 .
681 647 691 659 .
713 616 894 662 πάντων
927 615 978 659 δὲ
1008 613 1311 675 ἆρκτικώτεροι
1326 616 1527 673 ’Κίμβροι
1544 611 1589 668 ¹).

296 695 347 737 Et
378 696 442 737 his
474 698 891 751 paestantissimorum
925 699 1167 752 scriptorum
1198 697 1439 738 testimoniis
1472 696 1589 737 etiam

206 777 330 818 ceteri
364 789 443 818 non
475 781 702 832 repugnant
722 782 925 829 auctores,
958 777 1024 831 qui
1047 781 1211 828 tantum,
1244 778 1461 818 occasione
1483 773 1589 827 data,

205 857 245 897 in
290 857 524 898 universum
570 855 621 899 de
666 856 841 899 Cimbris
884 861 1163 901 narraverunt.
1226 856 1309 898 Alii
1354 857 1456 898 enim
1501 853 1590 907 „ad

207 933 446 977 Oceanum”
476 949 549 977 eos
571 935 793 988 habitasse,
818 936 884 978 alii
908 951 931 978 e
952 936 1184 990 regionibus
1205 933 1588 991 septentrionalibus

208 1016 430 1067 emigrasse
461 1014 642 1067 tradunt3
675 1018 715 1055 in
749 1016 813 1057 bis
846 1015 1144 1069 Quinctilianus
1176 1014 1317 1068 (Deci.
1338 1011 1492 1069 Ulpi-o
1516 1015 1587 1054 mi-

205 1093 275 1134 lite
295 1092 436 1144 Marii)
467 1108 554 1144 „ex
585 1095 724 1135 ultimo
757 1094 892 1135 littore
915 1094 1071 1136 Oceani
1106 1099 1146 1135 et
1176 1093 1341 1136 diremta
1374 1092 1589 1146 frigoribus

206 1171 355 1225 plaga’'
394 1170 542 1212 Florus
584 1170 695 1225 (111,
726 1171 775 1222 3)
818 1160 975 1227 „quum
1015 1178 1147 1213 terras
1180 1186 1316 1213 eorum
1349 1170 1589 1212 inundasset

206 1249 428 1291 Oceanus”
460 1249 695 1304 Polyaenus
728 1250 861 1302 (VHI,
887 1251 964 1303 10)
1003 1248 1125 1303 „eino
1155 1252 1384 1308 χειμερίων
1414 1249 1589 1293 τόπων”

206 1329 446 1371 Ammianus
485 1328 750 1378 Marcellinus
793 1328 981 1386 (XXXI,
1014 1332 1061 1382 5)
1109 1345 1195 1382 „ex
1241 1329 1390 1373 abditis
1431 1329 1588 1373 Oceani

205 1408 433 1463 partibus'’,
465 1408 714 1453 Claudianus
747 1409 819 1466 (de
850 1410 958 1452 bello
993 1409 1087 1454 Get.
1110 1424 1149 1451 v.
1168 1410 1278 1462 64⁰)
1314 1424 1400 1462 „ex
1432 1409 1588 1452 Oceani

205 1489 361 1541 stagnis
394 1491 639 1543 supremis”.

317 1565 436 1609 Hunc
489 1581 684 1611 oceanum
731 1583 828 1612 vero
882 1567 1183 1623 intelligendum
1237 1582 1333 1610 esse
1379 1567 1589 1610 Oceanum

204 1647 561 1700 septentrionalem
593 1651 851 1703 apertissime
882 1662 959 1689 nos
983 1646 1231 1691 Claudianus
1256 1646 1389 1699 docet,
1420 1648 1489 1702 'qui
1516 1645 1589 1697 (de

203 1725 299 1766 bell.
320 1724 413 1766 Get.
431 1740 470 1769 v,
484 1727 593 1780 335)
616 1728 826 1769 Oceanum
851 1727 1206 1782 septentrionalem
1227 1725 1457 1778 „Cimbrica
1479 1724 1588 1766 The-

205 1806 286 1845 tis”
319 1804 511 1859 appellat.
558 1806 681 1848 Nunc
708 1807 787 1849 hoc
809 1812 959 1849 tantum
983 1805 1182 1860 adjiciam,
1216 1804 1402 1847 Cimbros
1425 1802 1587 1846 easdem

205 1887 394 1939 regiones
427 1892 468 1929 et
489 1886 712 1929 secundum
734 1885 939 1942 Ephorum
963 1884 1319 1939 Clitarcbumque,
1336 1888 1380 1925 ut
1401 1895 1451 1926 ex
1472 1882 1589 1925 Stra-

204 1970 311 2013 bone
343 1970 489 2020 elucet,
521 1969 716 2009 tenuisse.
766 1965 872 2008 Nam
905 1964 1014 2020 quod
1045 1966 1267 2019 scriptores
1288 1965 1369 2015 isti,
1402 1961 1589 2004 Cimbros

207 2049 393 2092 eluvione
426 2046 597 2104 quadam
632 2050 799 2088 coactos
830 2046 996 2100 patriam
1020 2044 1235 2099 reliquisse
1256 2047 1430 2095 narrant,
1462 2043 1589 2098 aptis-

207 2132 307 2171 sime
330 2144 421 2170 cum
449 2129 514 2170 his
535 2126 683 2169 Juticis
706 2124 938 2179 regionibus
962 2124 1191 2176 convenire,
1220 2122 1387 2164 historia
1411 2116 1588 2174 docet’).

288 2293 314 2336 ¹)
341 2291 622 2337 contenderim,
654 2299 785 2327 omnes
809 2291 877 2325 Ῑιοε
902 2289 1065 2325 minores
1090 2288 1251 2333 populos
1276 2296 1300 2324 a
1324 2296 1460 2332 magna
1484 2285 1587 2323 Cim-

208 2361 359 2396 brorum
386 2362 501 2404 gente
525 2358 718 2403 paullatim
744 2367 787 2393 se
811 2355 1043 2403 sejunxisse.
1551 2403 1553 2405 v

285 2428 313 2471 ²)
339 2427 446 2471 Hoff‚
478 2427 626 2462 Nati'irl.
649 2426 857 2461 vei-ander.
889 2425 926 2467 Ι,
948 2422 1009 2458 57.
1028 2421 1118 2466 1073
1158 2424 1326 2467 Arends,
1360 2423 1496 2457 conch.
1523 2422 1590 2456 der

206 2494 493 2529 Nordseekfiste
519 2494 592 2528 seit
610 2493 675 2528 der
692 2490 954 2535 cymbrisolien
970 2490 1093 2525 Fluth.
1120 2490 1256 2525 Endon
1271 2486 1385 2543 1333..
1403 2489 1434 2534 1,
1450 2486 1521 2524 2⁰0
1535 2496 1590 2531 sq.

204 2562 254 2606 ΙΙ,
278 2559 326 2596 39
344 2571 399 2604 sq.
435 2561 630 2596 Kufahlius
657 2559 736 2600 (die
764 2558 990 2594 Geschichte
1015 2559 1082 2593 der
1106 2542 1322 2592 Deutschen
1349 2564 1384 2598 ι).
1401 2553 1468 2594 29)
1495 2564 1589 2590 con-

207 2627 339 2673 tendit,
365 2628 487 2662 omnia
512 2629 558 2662 de
574 2627 714 2663 Oceani
739 2624 1010 2669 irruptionibus
1036 2633 1059 2659 a
1084 2624 1336 2667 scriptoribus
1361 2622 1483 2657 relata
1503 2625 1589 2658 tan·-

209 2697 284 2730 tum
311 2695 347 2730 in
375 2694 553 2740 regiones
579 2695 627 2730 ad
647 2694 840 2731 Oceanum
864 2691 1199 2736 septentrionalem
1223 2690 1320 2727 sitas
1347 2690 1545 2736 quadrare.
