1792 3095
912 172 970 218 16

242 294 457 336 nationes”
488 297 527 335 et
559 295 634 346 „in
663 290 947 335 vcommilitium
980 290 1153 336 adsciti”
1185 292 1628 336 vocabum-referenda

243 372 351 414 haud
368 371 489 414 dubie
504 372 557 414 'ad
569 373 847 426 Angrivarios,
858 367 1037 430 Chaucis
1054 372 1353 425 adnumeratus,
1368 372 1625 418 videntur-⁴·—

333 450 421 493 Sed
461 451 565 494 haec
606 452 824 505 hactenus3
873 445 1020 508 quibus
1059 458 1193 496 tamen
1224 451 1420 496 addamus
1452 465 1628 496 necesse

244 536 320 582 est,
353 530 458 586 quae
490 531 541 573 de
564 531 821 574 Chaucorum
853 534 1027 575 nominis
1059 532 1353 587 significatione
1385 544 1511 588 supra
1532 545 1627 587 pro-

242 610 420 664 tulimus,
452 610 586 667 aliqua
618 626 669 655 ex
700 617 815 668 parte
847 611 976 655 videri
1008 612 1107 661 fulta
1139 610 1380 669 scriptorum
1406 612 1487 655 alio
1507 613 1629 667 argu·

241 696 376 732 mento
410 689 582 746 quodam
616 705 666 733 ac
696 694 943 744 testimonio,
982 691 1072 735 dico
1101 692 1364 744 divisionem,
1397 705 1514 747 quam
1546 690 1628 733 Ta·

242 771 360 821 citus,
392 768 565 822 Plinius,
594 769 857 814 Ptolemaeus
890 773 929 812 in
952 770 1135 825 Major-es
1160 776 1200 813 et
1218 770 1404 813 Minores
1416 765 1447 825 ¹)
1479 769 1625 812 factam

241 847 417 901 tradunt,
450 862 500 891 ex
531 863 608 904 qua
641 850 735 891 mihi
761 850 922 906 quidem
943 864 1140 907 apparere
1161 850 1336 902 videtur,
1370 848 1624 892 Chaucorum

241 940 386 970 nomen
418 942 499 970 non
531 928 652 972 modo
685 931 876 986 populum
899 934 1046 986 ipsum,
1077 930 1156 974 sed
1177 933 1295 973 etiam
1316 931 1493 972 minores
1515 942 1626 971 eom-

241 1007 514 1063 prehendisse
546 1011 746 1062 nationes,
783 1024 889 1066 quae
920 1012 1159 1052 societatem
1192 1009 1390 1066 quandam
1423 1012 1513 1051 cum
1545 1010 1625 1050 isto

240 1088 412 1131 inierint.

332 1165 484 1209 Variae
515 1172 648 1210 tamen
680 1182 704 1210 a
736 1170 834 1210 viris
865 1167 997 1210 doctis
1027 1170 1067 1209 in
1097 1168 1202 1210 hanc
1223 1182 1308 1210 rem
1330 1167 1511 1223 prolatae
1531 1171 1658 1209 sunt.

243 1248 481 1289 sententiae.
553 1250 618 1288 Ac
658 1250 827 1302 primum
868 1247 1028 1302 quidem
1066 1246 1239 1289 Schildii
1280 1248 1414 1301 opinio
1456 1259 1626 1302 prorsus

241 1324 453 1367 refutanda
476 1330 552 1377 est,
581 1328 650 1380 qui
670 1328 924 1381 ineptissime
955 1326 1200 1380 „Majores”
1231 1324 1478 1378 „Kantzen”
1510 1324 1626 1377 „Mi-

241 1404 395 1444 nores”
446 1418 545 1445 vero
592 1404 845 1455 „Kautzel”
889 1405 1146 1458 significasse
1197 1406 1358 1446 nomina
1405 1402 1625 1445 contendit.

240 1480 387 1535 „Quid
420 1484 470 1533 si,
502 1483 630 1537 inquit
646 1479 694 1534 ²),
725 1482 895 1525 formula
926 1485 1042 1525 vocis
1073 1480 1403 1542 ὑποκοριστικῆ,
1447 1481 1625 1524 Caulcos

240 1574 320 1601 non
361 1562 465 1602 alios
507 1575 603 1603 esse
636 1560 786 1614 dicam,
828 1575 944 1617 quam
979 1562 1143 1604 Caunos
1174 1563 1379 1603 minores?
1432 1560 1490 1603 Ut
1521 1563 1625 1602 enim

240 1638 423 1693 Majores
462 1638 668 1692 Kautzen,
710 1643 772 1683 sic
811 1641 995 1683 Minores
1035 1640 1208 1683 Kauizel
1255 1640 1321 1682 vel
1361 1639 1415 1681 ad
1455 1640 1624 1682 similem

240 1732 384 1760 sonum
417 1718 623 1760 alludente
654 1720 853 1761 vocabulo
881 1722 1032 1772 cogniti
1055 1721 1318 1774 usui-patique
1349 1718 1495 1760 fuere?
1533 1718 1623 1760 Jam

240 1810 320 1839 non
361 1810 466 1852 opus
507 1802 591 1849 est,
632 1802 677 1839 ut
714 1797 819 1840 hanc
851 1800 1090 1840 sententiam
1124 1796 1306 1852 pluribus
1339 1795 1544 1839 debilitem
1575 1811 1624 1839 ac

224 1878 466 1930 reprimam,
499 1890 618 1931 quum
649 1890 774 1931 supra
796 1877 1030 1928 viderimus,
1063 1875 1253 1918 Chaucos
1275 1877 1501 1917 nominatos
1524 1879 1625 1916 uun-

240 1968 357 2010 quam
392 1969 488 1997 esse
518 1954 780 2007 „Kautzen”,
811 1954 919 1997 unde
950 1958 1184 1998 necessario
1217 1957 1400 2011 sequitur
1430 1960 1476 1997 ut
1507 1957 1624 1997 etiam

238 2033 475 2089 „Kautzel”
508 2047 651 2076 nomen
684 2048 884 2090 nunquam
917 2033 1138 2077 adhibitum
1171 2036 1237 2077 sit.

329 2113 421 2155 Nec
452 2115 585 2156 minus
616 2115 792 2169 ineptam
826 2117 1065 2157 sententiam
1096 2109 1354 2167 Kobbejus⁸)
1386 2114 1520 2165 affert,
1558 2114 1625 2167 qui

241 2191 318 2232 sub
351 2205 453 2233 voce
488 2191 738 2243 „Minores”
771 2192 963 2235 Chaucos
994 2193 1214 2245 littorales,
1255 2191 1332 2234 suh
1364 2205 1468 2234 voce
1498 2190 1621 2244 „Ma-

321 2344 350 2382 ¹)
376 2343 482 2377 Hanc
508 2342 728 2379 divisionem
759 2346 958 2388 praeterea
989 2345 1087 2388 apud
1112 2344 1257 2381 Frisios
1289 2345 1435 2380 tantum
1463 2342 1624 2387 vicinos,

239 2411 280 2444 ut
304 2409 460 2445 Tacitus
494 2411 603 2444 solus
637 2414 919 2457 commemorat,
951 2420 1024 2446 neo
1052 2411 1176 2446 minus
1208 2411 1306 2454 apud
1331 2411 1538 2445 Bructeros
1561 2409 1623 2443 in·

237 2477 419 2512 venimus.

318 2545 350 2582 ³)
375 2543 580 2579 Schildius:
607 2545 652 2578 de
677 2543 814 2580 caucis
839 2544 928 2579 libri
954 2546 1038 2580 duo.
1077 2546 1195 2589 bugd.
1221 2546 1350 2580 Batsv.
1377 2540 1483 2578 1649.
1509 2553 1545 2585 p.
1562 2541 1622 2578 20.

315 2611 347 2649 ⁸)
373 2612 487 2645 Peter
512 2622 548 2646 v.
570 2612 718 2646 Kobbe:
753 2611 975 2646 Geschiohte
1004 2613 1077 2647 und
1103 2609 1531 2653 Laudesbesebreibung
1555 2611 1623 2645 der

237 2677 539 2722 Herzogthiimer
565 2680 718 2714 Bremen
743 2680 819 2714 und
846 2679 1010 2714 verdon.
1053 2680 1157 2714 Gott.
1183 2676 1289 2713 1824.
1313 2678 1362 2712 11.
1385 2678 1411 2712 1.
1435 2687 1471 2721 p.
1491 2675 1549 2713 15.
