1792 3095
875 186 903 228 9

198 308 311 355 derio
360 321 491 365 usque
536 307 590 353 ad
609 306 898 350 -Phahiranum
938 307 1002 349 vel
1047 320 1072 349 a
1109 305 1315 363 Meppeno
1356 320 1487 364 usque
1524 308 1577 351 ad

198 387 505 443 Bremerviirde,
539 394 583 431 ut
612 401 719 430 nunc
750 389 842 431 loca
872 390 1126 430 nominantur
1137 382 1182 441 ¹).
1213 386 1429 432 Adversus
1460 388 1575 442 haec,

198 482 301 524 quae
340 469 477 520 attuli,
515 470 743 512 testimonia
774 458 1037 509 Rndheckius
1070 467 1304 520 (Atlantica
1335 481 1370 510 c.
1402 467 1575 520 xxiv)

197 549 344 604 inepte,
377 553 420 590 ut
450 547 529 589 loci
561 560 686 602 supra
717 545 866 589 laudati
899 545 1187 599 demonstrant,
1218 559 1299 588 non
1328 546 1447 589 modo
1470 547 1575 590 Sue-

198 640 273 670 vos
304 630 345 668 in
377 625 661 676 Scandinavia,
693 626 770 669 sed
803 627 919 667 etiam
945 625 1135 668 Chaucos
1166 628 1206 667 in
1232 624 1398 679 Suevia,
1430 626 1575 680 Dania,

195 706 326 758 Jutia,
366 706 432 747 ubi
470 706 594 748 multa
615 706 723 748 rloca
756 705 1011 750 Chaucorum
1043 708 1272 748 memoriam
1304 711 1468 748 teneant
1497 721 1575 749 nec

197 798 292 827 vero
334 786 374 826 in
406 783 621 827 Germania
659 785 868 828 habitasse
900 783 1107 827 contendit
1138 784 1255 839 (Fol.
1285 784 1574 839 DLXXXV),

195 878 314 920 quam
346 867 585 906 sententiam
612 865 698 918 jam
729 863 940 918 Spenerus
958 860 993 917 ³)
1026 863 1285 905 falsissimam
1318 866 1477 905 omnino
1510 878 1574 906 re-

195 943 388 999 pudiavit.
451 942 542 985 Nec
581 945 713 985 minus
745 943 840 984 mihi
872 938 1145 995 Steffensus³)
1178 945 1243 998 qui
1277 941 1467 985 Chaucos
1500 944 1574 986 has

194 1023 402 1079 regiones,
442 1024 481 1064 in
523 1021 668 1078 quibus
701 1021 822 1064 hodie
854 1022 1024 1064 ducatus
1055 1002 1371 1064 Brunsvicensis
1405 1027 1468 1065 est
1499 1036 1574 1078 po-

194 1104 314 1155 situs,
346 1102 567 1144 incoluisse
594 1100 801 1144 contendit
824 1107 864 1144 et
886 1098 1172 1155 Conringius⁴)
1195 1100 1450 1144 Chaucorum
1471 1102 1573 1145 fines

194 1183 311 1223 nimis
351 1181 432 1222 late
470 1181 509 1222 in
549 1179 753 1222 meridiem
796 1186 1032 1235 spectantes
1074 1180 1229 1222 faciens
1268 1180 1377 1234 digni
1409 1184 1476 1236 qui
1508 1196 1572 1225 re-

194 1264 390 1315 spuantur
420 1257 619 1300 videntur.

284 1339 341 1380 Ut
373 1339 452 1380 hoc
483 1344 616 1379 tamen
649 1339 876 1379 accuratius
910 1339 1027 1379 etiam
1061 1336 1396 1391 demonstremus,
1429 1339 1574 1395 quibus

195 1419 357 1474 populis
390 1417 544 1460 Chauci
578 1419 640 1459 usi
672 1419 753 1459 sint
784 1419 941 1469 vicinis,
972 1417 1091 1459 nobis
1125 1416 1342 1460 videndum
1375 1423 1450 1461 est.

286 1498 420 1539 Antea
443 1510 539 1538 vero
563 1498 747 1551 quaestio
770 1495 1021 1537 absolvenda
1043 1497 1136 1538 mihi
1160 1510 1255 1539 esse
1276 1496 1447 1550 videtur,
1480 1513 1572 1540 num

197 1576 350 1618 Chauci
378 1574 433 1617 ad
454 1575 640 1617 Rhenum
662 1575 922 1626 accoluerint,
955 1573 1102 1616 deinde
1128 1580 1257 1616 utrum
1279 1590 1399 1617 unum
1421 1582 1572 1619 tantum

193 1655 382 1709 populum
421 1653 639 1705 „Chauci”
679 1666 758 1711 voi}
797 1652 1147 1708 comprehenderit
1182 1668 1233 1696 an
1275 1655 1414 1709 plures
1446 1659 1573 1698 natio-

195 1747 268 1775 nes
300 1746 462 1788 parvas.

286 1810 410 1865 Quod
458 1809 510 1853 ad
557 1810 678 1865 hujus
726 1812 975 1866 quaestionis
1021 1812 1185 1866 primam
1226 1817 1379 1866 partem
1419 1815 1572 1866 attinet,

195 1890 378 1946 equidem
419 1895 558 1932 contra
590 1888 807 1931 Cluverum
848 1890 1033 1944 aliosque
1072 1870 1415 1950 scriptores-³32*
1454 1899 1573 1947 nego,

195 1968 384 2011 Chaucos
425 1967 477 2010 ad
508 1968 693 2010 Rhenum
725 1967 887 2010 fluvium
919 1967 1150 2020 habitasse,
1190 1967 1232 2010 id
1264 1955 1573 2027 quodapparet

275 2150 304 2189 ¹)
330 2150 428 2184 Ptol.
453 2150 574 2193 Geog.
602 2149 658 2193 11,
683 2147 726 2183 ll
760 2146 989 2184 Σιατουάνδα
1018 2166 1066 2173 -
1096 2147 1227 2195 ἴιθ.γ’.·
1259 2148 1363 2196 ῡδ.γ’
1397 2150 1573 2198 deniquae

192 2216 247 2257 id.
274 2220 327 2257 δ’.-
358 2221 414 2257 310⁸.
439 2220 516 2269 7⁰¹,-
563 2220 758 2272 Τουδὲριον
786 2214 817 2257 ἶ..
844 2237 886 2247 -
904 2233 917 2258 .·
948 2220 1005 2257 ῦὸ.
1051 2222 1265 2271 Φαβίρανον
1294 2215 1350 2259 Ia.
1377 2222 1422 2264 C':
1456 2223 1507 2260 ῡε.
1527 2225 1572 2273 γ’.

196 2292 249 2324 Do
291 2289 421 2324 horum
462 2289 632 2323 locorum
673 2288 765 2322 situ*
792 2288 935 2323 variam
971 2288 1010 2323 in
1046 2291 1190 2331 partem
1225 2289 1464 2332 disputarunt
1504 2293 1574 2326 viri

195 2353 422 2400 doctissimi,
462 2353 536 2389 vid.
578 2353 736 2389 Eccardi
781 2354 828 2388 de
865 2354 1012 2399 origine
1050 2355 1333 2392 Germanarum.
1376 2357 1410 2401 9.
1440 2359 1571 2393 Lxlx.

193 2434 227 2467 p.
252 2420 323 2459 417
348 2431 451 2465 seqq.

274 2491 306 2528 ⁸)
330 2491 491 2532 Spener:
525 2487 668 2523 Notius
694 2488 918 2524 Germaniae
948 2489 1123 2533 antiquae
1153 2489 1217 2528 lib.
1241 2491 1306 2534 lv,
1332 2498 1364 2524 c.
1388 2488 1411 2525 4
1437 2493 1515 2526 not.
1536 2501 1572 2535 g.

196 2555 435 2592 Franeoturti
459 2557 499 2591 et
524 2554 674 2598 Lipsiae
701 2552 806 2590 1746.

272 2624 304 2661 ⁸)
329 2621 511 2656 steffens:
537 2622 672 2656 Gench.
691 2630 763 2656 von
783 2622 1316 2667 Braunschweig-Liineburg·
1342 2625 1449 2658 zelle
1465 2621 1573 2659 1776.

273 2689 306 2727 ⁴)
332 2687 577 2732 coni-logias.
602 2689 648 2725 de
671 2689 748 2725 ant.
773 2690 823 2725 st.
847 2690 967 2725 Helm·
991 2699 1026 2733 1>-
1044 2686 1104 2724 70.
