1792 3095
877 151 935 195 85

214 276 401 320 bentibus
433 275 550 331 (nam
587 278 630 316 et
660 272 817 316 Plinius
850 272 954 319 idem
988 272 1197 328 (XXXV,
1226 273 1303 326 8),
1336 277 1377 316 et
1409 270 1596 326 Vellcjus

212 356 285 411 (ll,
310 354 418 410 1⁰3)
449 354 660 398 nobiscum
693 354 1005 407 communicant)
1038 352 1253 396 videndum
1286 358 1363 404 est,
1394 351 1462 394 ubi
1493 352 1595 393 baec

212 449 315 490 gens
338 435 601 478 habitaverit.
653 433 729 475 ‘Ac
769 436 936 489 primum
969 431 1127 488 quidem
1169 430 1501 488 perscrutandum
1534 433 1595 473 vi-

212 514 343 568 detur,
373 519 502 557 utrum
535 511 654 556 simul
686 526 775 555 cum
799 511 971 556 Cimbris
993 512 1165 555 Teutoni
1199 511 1323 555 sedes
1350 511 1596 567 reliquerint,

212 607 263 637 an
305 599 449 649 postea
489 591 646 635 demum
689 606 779 634 cum
821 591 964 635 iisdem
1004 594 1085 635 sint
1125 593 1343 647 conjuncti.
1415 590 1519 633 Nam
1561 591 1595 631 si

212 678 393 716 statuere
422 674 601 728 poteris,
642 670 850 714 Teutonos
876 672 959 726 jam
998 671 1048 714 ab
1081 673 1192 713 initio
1226 672 1472 726 migrationis
1506 683 1596 712 cum

215 737 388 796 Cimbris
430 752 559 794 fnisse
600 752 860 807 conjunctos,
901 752 993 795 illos
1026 754 1143 795 etiam
1185 751 1249 793 bis
1282 753 1438 794 vicinas
1470 749 1594 793 sedes

214 834 398 876 tenuisse
428 831 537 876 baud
569 832 691 876 dubie
724 832 907 887 colliges.

303 911 444 954 Livius
467 910 512 968 (1.
531 911 611 966 63)
632 911 789 955 verbine
820 911 1013 965 „Cimbri,
1045 925 1146 966 gens
1169 924 1283 965 vaga,
1310 909 1596 966 populabundi,

213 994 253 1034 in
285 991 486 1046 Illyricum
519 997 734 1043 venerunt;
771 991 822 1035 ab
853 994 904 1034 iis
937 990 1129 1046 Papirius
1162 990 1294 1033 Carbo
1328 991 1471 1033 consul
1506 1003 1596 1031 cum

214 1072 391 1113 exercitu
415 1070 546 1115 ‚fusus
579 1072 677 1114 est'’
710 1076 750 1113 et
780 1071 848 1114 lib.
871 1072 930 1115 67
963 1076 1133 1114 exeunte
1165 1073 1338 1126 epitome
1380 1075 1595 1125 postquam

213 1165 236 1192 a
269 1150 442 1192 Cimbris
483 1152 712 1206 complures
744 1150 1013 1195 Romanorum
1055 1150 1181 1193 duces
1220 1153 1350 1192 victos
1390 1156 1430 1192 et
1471 1152 1596 1191 inter-

213 1229 343 1272 fectos
377 1245 472 1273 esse
504 1233 698 1283 narravit,
736 1230 949 1283 „Cimbri”
980 1233 1129 1286 inquit,
1166 1233 1364 1283 „vastatis
1397 1229 1596 1281 omnibus,

214 1323 317 1364 quae
358 1312 462 1351 inter
491 1308 731 1352 Rhodanum
766 1314 807 1352 et
836 1309 1089 1364 Pyrenaeum
1131 1316 1225 1352 sunt
1266 1324 1338 1365 per
1378 1310 1523 1352 saltum
1556 1311 1597 1349 in

213 1387 449 1443 Hispaniam
481 1391 728 1442 transgressi
759 1389 894 1444 ibique
926 1390 1046 1431 multa
1080 1390 1171 1431 loca
1202 1390 1405 1445 populati,
1445 1404 1468 1430 a
1501 1387 1596 1430 Cel-

213 1466 351 1508 tiberis
392 1467 517 1521 fugati
557 1473 673 1508 sunt:
720 1470 958 1522 reversique
1003 1471 1043 1509 in
1085 1467 1257 1509 Galliam
1296 1468 1507 1509 bellicosis
1548 1481 1595 1508 se

213 1543 408 1589 Teutonis
432 1547 753 1601 conjunxerunl”
786 1552 868 1590 tum
900 1547 969 1590 lib.
988 1547 1046 1591 68
1077 1547 1145 1590 ubi
1169 1553 1381 1603 utrumque
1404 1547 1596 1602 populum

213 1639 353 1668 rursus
385 1628 489 1668 iuter
510 1640 557 1668 se
579 1629 757 1670 secernit
778 1633 818 1669 et
839 1626 1048 1669 Teutonos
1072 1642 1161 1668 cum
1185 1626 1457 1669 Ambronibus
1488 1626 1597 1682 apud

212 1700 290 1759 Aq.
315 1706 477 1747 Sextias
511 1720 606 1748 esse
638 1708 770 1748 victos
801 1721 825 1749 a
856 1707 1002 1759 Mario,
1035 1706 1235 1759 Cimbros,
1269 1713 1482 1762 postquam
1517 1706 1596 1748 Ca-

211 1784 336 1826 tulum
369 1784 419 1826 ab
452 1784 615 1839 Alpium
651 1783 798 1827 finibus
830 1785 1098 1840 repulissent,
1140 1800 1164 1827 a
1192 1787 1345 1840 junctis
1379 1784 1513 1827 Catuli
1556 1789 1598 1826 et

211 1862 329 1903 Marii
352 1863 594 1905 exercitibus
625 1863 757 1915 tradit,
791 1863 1066 1906 demonstrare
1089 1865 1182 1905 mihi
1205 1865 1376 1916 videtur,
1409 1863 1596 1905 Cimbros

213 1942 400 1996 primum,
441 1946 523 1983 tum
556 1938 763 1985 Teutbnos
797 1956 819 1985 e
851 1942 1019 1986 sedibus
1057 1945 1256 1998 migrasse
1278 1943 1352 1986 ‘vel
1385 1940 1595 1985 Teutonos

211 2020 251 2060 in
284 2018 418 2062 Gallia
448 2020 670 2063 habitasse.

300 2099 358 2141 At
392 2100 474 2154 jam
514 2102 553 2142 in
595 2113 728 2155 pugna
768 2115 857 2143 cum
900 2094 1086 2143 Carbone
1126 2103 1342 2143 commissa
1382 2098 1594 2143 Teutonos

211 2178 352 2231 fuisse,
385 2179 596 2235 Appianus
628 2179 762 2233 tradit,
795 2182 861 2235 qui
892 2173 1045 2223 tantum
1078 2183 1118 2223 in
1151 2196 1198 2224 co
1228 2180 1394 2224 a'Livio
1426 2180 1594 2232 recedit,

212 2258 319 2312 quod
359 2260 400 2299 in
428 2258 592 2301 Norico
633 2260 737 2302 banc
779 2275 951 2314 pugnam
993 2262 1122 2303 fuisse
1164 2261 1260 2303 dicit
1305 2261 1366 2312 (b.
1401 2276 1440 2315 g.
1474 2260 1595 2314 Xul)

203 2335 312 2389 „du
350 2336 437 2382 τῶν
476 2337 705 2383 Τευτόνων
745 2345 880 2398 μοῖρα
922 2338 1193 2397 ληστεύουσα
1233 2339 1513 2398 πολύανδρος
1552 2339 1596 2389 ἐς

210 2415 288 2474 τὴν
316 2416 399 2474 γῆν
429 2417 517 2461 τῶν
547 2418 749 2475 Νορικῶν
779 2409 998 2475 §official-9³³
1031 2425 1090 2471 et,
1124 2427 1334 2475 postquam
1368 2418 1596 2460 Carbonem

212 2508 308 2537 esse
347 2494 397 2536 ab
438 2497 487 2537 iis
520 2498 667 2538 victum
702 2500 899 2551 narravit,
937 2497 1050 2541 addit
1088 2498 1230 2540 verba:
1264 2497 1515 2549 »Τεύτονες
1553 2497 1596 2548 ἒς

212 2572 436 2631 Γοᾳατίαν
468 2574 740 2634 ἓχώρησαν.”

302 2651 521 2698 Praeterea
547 2653 732 2711 Vellejus
766 2654 838 2712 (ll,
862 2655 911 2711 8)
945 2654 1131 2699 Cimbros
1164 2670 1242 2700 una
1276 2672 1366 2702 cum
1400 2655 1597 2701 Teutonis

1255 2752 1306 2789 3*
