1792 3095
894 177 951 225 36

223 300 409 344 Rhenum
432 303 660 353 transiisse,
693 301 848 344 Caesar
870 300 932 357 (b.v
951 316 990 355 g.
1014 300 1046 354 l,
1070 301 1149 356 33)
1172 300 1358 344 Cimbros
1381 300 1611 345 Teutonos-

225 395 303 435 que
336 379 509 424 Galliam
549 377 778 437 occupasse
813 387 853 423 et
891 380 987 422 inde
1018 383 1058 422 in
1090 379 1245 424 Italiam
1279 381 1540 425 contendisse
1572 386 1613 423 et

222 459 284 514 (b.
308 474 346 515 g.
368 456 421 514 II,
443 459 492 518 4)
524 476 545 505 a
568 461 708 516 Belgis
740 456 842 504 i'n‘tra
875 460 992 504 fines
1009 459 1165 516 ingredi
1200 461 1294 505 esse
1325 459 1550 518 prohibitos
1574 466 1614 503 et

224 537 410 596 denique
431 541 491 594 (b.
515 555 553 595 g.
574 540 625 593 ll,
648 539 726 595 29)
759 538 998 584 Aduatucos
1040 553 1089 583 ex
1121 538 1296 583 Cimbris
1336 540 1613 596 Teutonisque

222 616 447 675 prognatos
482 618 577 664 esse
610 620 785 664 tradunt.
1304 616 1309 620 ’

315 700 396 741 Alii
426 699 558 742 rerum
581 696 819 757 scriptores,
853 703 887 743 si
923 699 974 743 de
996 699 1135 743 eadem
1158 715 1202 742 re
1234 700 1463 756 loquuntur,
1494 698 1611 741 modo

223 779 412 823 Cimbros
435 778 500 823 v'el
524 776 732 823 Teutonos
755 778 894 834 solos,
909 780 1028 823 modo
1051 779 1265 836 utrumque
1288 781 1479 836 populum
1502 794 1612 822 com-

223 866 447 903 memorant
479 866 519 904 et
551 866 759 916 praeterea
791 862 856 904 alii
880 859 1129 903 Cimbrorum
1164 866 1204 903 et
1225 858 1511 912 Teutonorum,
1544 859 1611 901 ubi

223 939 289 982 alii
323 941 442 983 unius
475 946 627 983 tantum
660 942 801 997 populi
835 943 1074 984 mentionem
1108 941 1271 983 faciunt.
1320 937 1322 939 ’
1468 938 1470 941 ’
1500 936 1502 938 ’

316 1016 389 1061 Sic
411 1019 579 1062 Tacitus
613 1018 875 1074 (Germ.'37)
908 1016 1094 1062 CimBros
1127 1020 1240 1061 solos
1273 1031 1295 1061 a
1320 1018 1483 1073 Papirio
1517 1018 1612 1060 esse

223 1101 355 1142 victos
397 1099 495 1142 dicit
534 1106 574 1142 ct
613 1100 680 1142 ubi
721 1103 759 1142 in
800 1095 1031 1143 universum
1071 1101 1250 1155 loquitur
1290 1099 1403 1152 (hist.
1424 1097 1501 1150 IV,
1533 1097 1612 1148 79)

224 1179 412 1221 Cimbros
454 1179 744 1235 Teutonosque
794 1185 1098 1232 commemorat,
1147 1181 1207 1220 sic
1246 1178 1404 1220 Plinius
1448 1174 1614 1233 'semper

223 1259 285 1313 (h.
310 1274 349 1301 n.
378 1258 428 1311 n,
452 1259 528 1310 583
559 1259 651 1311 vu,
670 1260 741 1311 22,
771 1257 907 1312 xvu,
929 1255 967 1311 ι’,
998 1257 1197 1310 xxxm,
1216 1259 1286 1309 53,
1315 1256 1612 1308 xxxvmss)
1691 1299 1699 1305 ,

222 1335 626 1390 νθτὴὶε’,,οἰω1)ι·ἰοᾱ
657 1339 778 1391 bella,
811 1339 1001 1380 cimbrica
1033 1340 1200 1379 victoria
1213 1338 1233 1354 ’'
1268 1339 1402 1389 utitur,
1439 1337 1613 1378 attamen

223 1415 283 1470 (h.
303 1433 341 1459 n.
359 1416 522 1470 XXVI,
542 1418 590 1471 9)
621 1414 850 1470 „ubinam”
883 1420 1029 1473 inquit,
1066 1420 1206 1469 „istae
1235 1417 1314 1470 (sc.
1335 1418 1513 1471 magicae
1543 1429 1612 1456 va-

222 1499 403 1548 nitates)
443 1496 624 1549 fuerunt,
664 1511 752 1538 cum
788 1495 944 1539 Cimbri‘
982 1496 1236 1552 Teutonique
1275 1493 1440 1538 terribili
1479 1492 1613 1537 Marte

220 1576 454 1617 ulularent'’
485 1579 556 1617 ‘sic
596 1578 809 1631 Appianus
851 1576 952 1618 solis
995 1573 1064 1618 de
1088 1575 1260 1618 Cimbris
1301 1574 1388 1630 (Ill.
1413 1574 1485 1618 lV.
1517 1571 1611 1617 bell.

223 1658 300 1698 civ.
322 1654 352 1708 l,
376 1652 456 1707 29)
490 1653 540 1697 et'
572 1655 622 1697 de
663 1662 834 1711 utroque
878 1656 1027 1710 populo
1071 1657 1110 1696 in
1151 1654 1291 1696 eadem
1332 1669 1377 1696 re
1416 1653 1613 1696 narranda

222 1734 283 1786 (b.
306 1748 344 1787 g.
368 1733 399 1784 l,
422 1735 471 1784 2)
504 1736 607 1787 agit,
646 1737 706 1775 sic
740 1748 837 1788 prae
870 1734 1055 1775 omnibus
1087 1734 1327 1788 Eutropius,
1368 1736 1433 1788 qui
1467 1732 1612 1786 (v,>1)

222 1812 506 1854 Teutobodum
532 1812 782 1854 Cimbrorum
809 1813 951 1855 ducem
975 1815 1153 1854 nominat
1175 1818 1214 1854 et
1247 1813 1365 1867 paulo
1389 1819 1483 1867 post
1505 1810 1611 1853 Teu-

213 1897 343 1935 tonos
376 1898 417 1934 et
449 1891 636 1935 Cimbros
670 1895 707 1934 in
741 1892 894 1935 ltaliam
929 1895 1096 1935 irruisse
1129 1892 1260 1935 tradit.
1503 1891 1506 1893 ’

313 1971 472 2013 Plinius
514 1971 687 2027 denique
719 1973 780 2025 (h.
804 1986 842 2013 n.
868 1970 1074 2024 XXXIII,
1099 1972 1175 2024 53)
1209 1972 1329 2013 verba
1370 1972 1504 2013 affert:
1535 1970 1611 2023 „C.

220 2049 377 2093 Marius
411 2057 505 2105 post
538 2054 745 2093 victoriam
780 2051 1019 2093 Cimbricam
1054 2052 1258 2092 cantharis
1291 2049 1457 2105 potasse
1489 2050 1612 2092 tradi-

215 2137 286 2171 ·tur
319 2135 358 2171 et
388 2128 582 2172 Valerius
614 2129 847 2172 Maximus’'
881 2128 970 2182 (ΙΙΙ,
993 2131 1057 2182 6).
1090 2129 1165 2182 „C.
1189 2130 1345 2171 Marius
1377 2128 1471 2184 post
1504 2128 1612 2171 Cim-

221 2210 377 2250 bricum
400 2215 440 2250 et
461 2209 727 2250 Teutonicum
751 2205 993 2263 triumphum
1018 2209 1209 2250 cantharo
1234 2210 1409 2263 semper
1424 2206 1611 2263 potavit'’'

223 2301 341 2343 quem
375 2287 616 2344 triumphum
650 2303 769 2330 uuum
804 2287 933 2331 fuisse
964 2287 1106 2331 Livius
1139 2288 1229 2340 (lib.
1255 2289 1334 2341 68)
1370 2284 1545 2339 docet¹).

301 2429 331 2467 ¹)
357 2426 534 2462 Justinus
561 2428 720 2468 (Justini
738 2426 981 2463 historiarum
999 2426 1287 2471 Philippicarum
1311 2427 1396 2463 libri
1413 2426 1613 2464 XXXXIV

221 2495 278 2528 ed.
299 2495 463 2529 Wctzel.
496 2494 647 2537 Lipsiae
672 2493 786 2534 1817)
819 2494 1054 2529 Cimbrorum
1090 2479 1234 2528 tantum
1267 2494 1494 2531 mentionem
1522 2493 1613 2528 facit

222 2559 304 2605 (lib.
322 2560 478 2597 XXXII.
506 2570 538 2596 c.
555 2559 591 2607 3,
615 2561 679 2597 lib.
697 2560 907 2597 XXXVIII.
935 2570 967 2595 c.
984 2556 1039 2606 3),
1070 2560 1248 2597 Valerius
1276 2558 1440 2609 (Valerii.
1462 2560 1610 2607 Maximi

220 2629 405 2663 dictorum
430 2630 689 2673 factorumque
715 2629 1007 2665 memorabilium
1037 2628 1130 2663 libri⁴
1149 2638 1301 2673 novem,
1333 2629 1388 2661 ed.
1415 2638 1437 2662 a
1463 2628 1611 2664 Colero.

212 2696 414 2733 Hanoviae
436 2692 549 2737 1614)
576 2699 844 2735 commemorat
870 2697 953 2738 (lib.
971 2696 1017 2732 V.
1045 2706 1076 2731 c.
1097 2697 1249 2736 I-vl.)
1275 2697 1467 2733 Teutonos
1493 2698 1612 2741 solos,
