1792 3095
895 206 948 249 11

231 335 337 385 „³tem
360 332 597 373 immensum
617 334 814 371 terrerum
834 329 1009 384 spatium
1030 341 1109 369 non
1131 331 1270 369 tenent
1285 331 1437 369 tantum
1455 325 1608 370 Chauci

227 407 380 453 sed-'et
411 411 605 466 implent'f‘
620 426 679 442 -··
698 414 739 451 ct
767 423 816 452 ex
830 405 1015 462 Vellejo:
1034 429 1090 438 -·-
1106 409 1331 461 „juventus
1353 407 1607 449 Chaucorum

231 497 396 532 numero
428 489 609 532 inlinita'’
628 482 917 543 -sappareag
950 486 1140 529 Chaucos
1172 484 1300 528 fuisse
1321 498 1505 541 magnum
1527 486 1607 530 fre-

232 575 499 625 quentemque
530 569 735 623 populum.
796 568 933 621 Atque
964 566 1007 608 id
1039 569 1155 608 etiam
1188 565 1440 621 probabilius
1469 567 1532 618 fit,
1571 570 1607 608 si

226 647 486 691 Chaucorum
518 649 638 689 situm
663 651 886 697 terrarum,
919 658 1043 700 snpra
1073 644 1335 700 descriptum,
1366 648 1608 700 respexeris,

232 740 397 782 ex=quo
437 730 644 769 sumamus
682 737 861 767 necesse*
894 729 981 776 est,
1020 737 1093 766 eos
1133 724 1316 766 aestibus
1355 726 1519 765 marinis
1556 723 1608 766 ad

231 806 531 862 relinquendam
563 808 729 862 patriam
760 806 1004 860 saepissime
1037 817 1133 846 csse
1159 809 1340 857 coactos,
1371 807 1607 859 praesertim

232 900 351 941 quum
400 885 593 927 hodierno
642 898 802 940 quoque
842 889 1023 938 tempore
1061 882 1170 938 apud
1208 883 1362 925 illarum
1402 886 1608 938 regionum

232 966 386 1007 incolas
417 964 459 1006 id
489 964 575 1006 fieri
607 964 739 1006 soleat
750 958 797 1016 ¹).

322 1042 413 1085 Huc
444 1042 616 1094 accedit,
646 1041 756 1097 quod
786 1043 981 1082 immenso
1016 1038 1296 1095 peregrinandi
1323 1040 1459 1083 studio
1483 1044 1609 1083 omni-

231 1121 309 1164 bus
340 1121 589 1177 temporibus
622 1120 860 1163 tenebantur
889 1120 1102 1171 Germani,
1142 1134 1220 1175 qua
1253 1119 1305 1162 de
1335 1134 1382 1162 re
1411 1122 1495 1175 Jam
1529 1120 1609 1162 Ta-

234 1204 338 1243 citus
368 1212 445 1242 nos
477 1203 674 1242 certiores
706 1196 864 1251 facit’);
896 1200 974 1240 hos
1007 1203 1153 1250 autem,
1185 1202 1252 1253 qui
1284 1212 1333 1240 ex
1359 1201 1489 1253 patria
1512 1201 1608 1240 emi-

232 1284 457 1335 graverant,
489 1280 555 1320 vel
586 1281 626 1321 in
660 1280 835 1320 externis
866 1280 986 1319 terris
1012 1275 1184 1319 libenter
1204 1290 1348 1320 nomen
1371 1291 1487 1320 suum
1509 1280 1610 1320 anti-

232 1373 351 1415 quum
384 1372 590 1410 servasse,
623 1372 671 1400 ex
699 1351 925 1409 ·Caesare³)
956 1356 1122 1409 intelligi
1154 1361 1303 1411 potest.

325 1439 443 1492 Quae
475 1450 594 1491 quum
626 1438 682 1478 ita
714 1438 807 1487 sint,
841 1433 961 1476 dubio
991 1435 1136 1489 procul
1168 1440 1350 1490 apertum
1383 1442 1459 1488 est,
1493 1438 1610 1478 etiam

232 1517 285 1559 ad
321 1517 507 1557 Rhenum
541 1514 729 1555 Chaucos
776 1513 985 1554 habitasse
1031 1527 1109 1554 nec
1154 1513 1374 1555 mirandum
1414 1527 1493 1555 non
1534 1520 1610 1566 cst,

233 1594 433 1651 quomodo
475 1593 539 1634 vel
579 1593 827 1634 recentiores
867 1592 1090 1645 scriptores
1107 1587 1142 1643 ⁴)
1184 1591 1475 1645 dubitaverint,
1520 1607 1610 1634 num

235 1674 388 1715 Chauci
418 1684 591 1725 unquam
623 1669 676 1711 ad
706 1670 892 1710 Rhenum
923 1669 1086 1710 fluvium
1118 1669 1311 1710 sederint.

314 1841 343 1879 ι)
367 1837 474 1874 Gonr.
501 1838 612 1873 Kohle
643 1836 710 1871 Die
735 1836 940 1872 Marschen
964 1836 1040 1870 und
1065 1836 1195 1871 Inseln
1222 1838 1288 1872 der
1314 1837 1613 1881 Herzogthiimer

226 1906 448 1949 -Sohleswig
472 1906 547 1939 und
571 1903 758 1941 Holstein.
789 1903 960 1955 Dresdeu
986 1899 1100 1947 1846,
1125 1913 1160 1946 p.
1182 1901 1246 1938 51:
1280 1904 1375 1939 Dies
1393 1905 1611 1941 Abbi-cenea

234 1974 308 2007 und
334 1970 702 2014 Forttransportiren
734 1971 800 2005 der
833 1971 1003 2004 Eaeuser
1035 1978 1110 2003 von
1144 1969 1262 2004 einen
1291 1971 1497 2006 bedrohten
1523 1972 1612 2007 otte

235 2039 330 2073 nach
357 2037 477 2072 einem
502 2037 653 2071 sichern
685 2037 736 2082 ist
765 2035 844 2070 hier
869 2036 958 2069 sehr
983 2035 1239 2079 gewohnlich,
1273 2036 1347 2071 wie
1372 2038 1470 2072 denn
1497 2037 1612 2072 fiber-

235 2105 349 2145 haupt
375 2101 466 2147 jene
496 2105 608 2138 Fluth
638 2103 768 2137 immet
802 2102 984 2136 vielfache
1013 2103 1380 2145 Auswanderungen
1410 2104 1485 2136 und
1512 2104 1611 2137 Ver-

235 2170 445 2212 setzungen
470 2170 538 2203 der
563 2170 682 2203 Lente
707 2177 778 2203 zur
803 2168 922 2210 Fulge
949 2167 1067 2201 haben
1092 2170 1165 2201 etc.

310 2220 349 2274 3)
369 2236 457 2270 Tae.
474 2236 561 2271 hist.
576 2236 642 2270 lv.
659 2243 692 2270 c.
706 2232 771 2270 73:
797 2235 958 2279 „Eadem
975 2241 1124 2277 semper
1141 2243 1258 2269 causa
1271 2234 1467 2270 Germanis
1485 2239 1611 2270 trans-

236 2301 417 2337 cendendi
447 2301 489 2336 in
519 2301 684 2346 Gallius,
722 2300 837 2336 iibido
869 2303 982 2345 atque
1014 2300 1174 2337 avaritia
1206 2302 1246 2336 et
1279 2303 1478 2338 mutandae
1509 2303 1612 2338 sedis

236 2378 340 2405 amor
365 2369 460 2403 cet.”

276 2469 278 2472 .
314 2438 347 2476 ³)
374 2435 516 2471 caesar
548 2434 593 2469 de
618 2435 652 2470 b.
678 2443 716 2478 g.
740 2435 812 2480 (V,
837 2432 909 2474 12)
941 2433 1137 2470 marituma
1159 2443 1250 2478 pars
1275 2434 1540 2475 (Britanniae)
1566 2437 1613 2471 ab

236 2504 306 2548 iis,
327 2502 394 2546 qui
417 2501 580 2545 praedae
605 2509 650 2536 ao
676 2502 767 2536 belli
790 2500 975 2537 inferendi
1000 2510 1118 2537 eausa
1143 2511 1192 2537 ex
1215 2502 1341 2545 Belgis
1368 2502 1614 2549 transierant,

234 2570 300 2612 qui
325 2578 456 2605 omnes
479 2569 560 2603 fero
583 2568 631 2602 iis
657 2568 867 2603 nominibus
893 2569 1088 2604 civitatum
1114 2570 1363 2613 adpellantur,
1389 2570 1523 2612 quibus
1541 2571 1614 2604 orti

238 2644 283 2669 ex
311 2634 528 2670 civitatibus
553 2643 599 2670 eo
624 2637 890 2678 pervenerunt.

314 2702 346 2740 ⁴)
372 2704 521 2747 August
546 2703 804 2739 vswersebe:
838 2703 960 2739 Ueber
985 2701 1044 2740 die
1069 2702 1212 2738 Vtiliter
1244 2703 1320 2738 und
1347 2702 1614 2738 volkerbfind-
