1792 3095
850 153 907 195 55

190 276 298 318 ilium
331 273 522 329 populum
554 286 602 314 se
635 285 682 313 eo
714 273 929 324 retulisse,
969 272 1038 315 ubi
1070 274 1198 328 patria
1230 272 1332 315 fines
1363 272 1570 315 Romanos

190 352 424 407 attingebat,
455 352 533 394 sed
563 354 792 394 recessisse
815 352 869 395 ad
890 355 1030 395 socios
1051 366 1173 404 suos,
1205 355 1271 407 qui
1292 351 1346 394 ad
1362 351 1570 406 Visurgim

189 432 430 488 Hercyniam
462 432 606 475 silvam
640 429 1003 476 circumsedebant.
1058 468 1061 471 .

281 513 400 565 Quae
440 524 574 564 quum⁴
599 512 656 550 ita
693 512 796 561 sint,
838 510 999 551 dubium
1036 526 1116 552 non
1149 525 1245 552 esse
1278 516 1434 565 potest,
1475 512 1569 564 quin

188 590 374 632 Bructeri
406 593 615 643 utramque
646 590 827 631 Amisiae
858 591 985 643 ripam
1016 591 1269 632 iucoiuerint.

211 690 214 692 ‡
278 667 500 709 Praeterea
530 666 594 708 his
617 666 753 708 verbis
782 666 987 720 docemur,
1019 682 1231 723 quousque
1251 669 1567 722 septentrionem

188 760 334 789 versus
343 746 629 789 Bructerorum
637 746 738 788 fines
748 750 925 801 porrecti
940 747 1097 790 fuerint.
1120 747 1286 791 Tacitus
1306 749 1409 789 enim
1421 752 1569 796 narrat,

189 824 493 875 Germanicum,
525 824 760 877 Caecinam,
792 824 1029 867 Stertinium
1061 824 1115 866 ad
1145 826 1342 867 Amisiam
1376 840 1426 867 ex
1458 839 1568 865 com·

185 906 331 957 posito
357 905 611 946 convenisse.
643 902 823 945 Ubiille
855 904 971 944 locus
1005 902 1270 944 conveniendi
1302 905 1407 944 situs
1438 903 1571 952 fuerit,

188 982 437 1035 exploratum
471 980 636 1034 quidem
662 994 742 1022 non
774 985 859 1031 θεὶς
894 981 1112 1023 verisimile
1133 986 1266 1022 tamen
1288 986 1365 1032 est,
1399 979 1569 1021 eundem

188 1073 307 1114 quum
328 1058 598 1103 Germanicus
632 1072 722 1101 cum
755 1059 892 1101 classe
913 1059 1009 1101 illuc
1033 1061 1277 1114 pervenerit,
1308 1072 1437 1114 prope
1458 1071 1568 1101 mare

188 1137 470 1196 Germanicum
502 1141 542 1178 in
573 1138 641 1178 illa
670 1140 847 1191 regione,
880 1152 959 1192 qua
979 1139 1135 1180 Amisia
1156 1152 1304 1191 graves
1323 1152 1452 1179 naves
1474 1151 1567 1191 per-

186 1215 292 1260 ferre
323 1221 474 1269 potest,
500 1217 683 1269 Jacuisse
715 1221 837 1270 atque
868 1217 966 1257 nihil
998 1216 1156 1267 obstat,
1190 1218 1418 1271 quominus,
1450 1229 1568 1270 prae-

186 1296 324 1337 sertim
364 1308 483 1349 quum
517 1294 705 1335 Chaucos
736 1293 1039 1350 Bructerosque
1077 1294 1218 1336 ordine
1258 1294 1432 1349 quodam
1470 1308 1567 1335 cou-

183 1374 349 1427 junctos
383 1373 550 1414 Tacitus
582 1379 797 1425 memoret,
837 1374 947 1415 illum
980 1374 1112 1415 locum
1145 1376 1185 1413 in
1219 1373 1402 1415 confiniis
1435 1373 1568 1415 Chau-

187 1465 323 1494 corum
357 1456 395 1492 et
428 1451 716 1494 Bructerorum
750 1465 846 1493 esse
878 1450 1157 1500 collocandum
1191 1451 1498 1494 contendamus.

277 1531 394 1584 Quae
426 1529 558 1571 adhuc
587 1528 637 1571 de
658 1529 944 1572 Bructerorum
966 1529 1136 1572 sedibus
1161 1531 1414 1585 protulimus,
1448 1531 1565 1572 etiam

184 1608 408 1650 Ptolemaei
441 1607 576 1649 verbis
608 1611 757 1661 optime
790 1608 1121 1662 comprobantur,
1154 1611 1221 1663 qui
1255 1610 1430 1649 minores
1461 1607 1566 1649 Bru-

180 1692 342 1738 cteros,
380 1686 565 1728 Rhenum
606 1686 863 1738 accolentes,
903 1700 927 1727 a
963 1689 1239 1741 septentrione
1269 1685 1414 1729 Frisiis
1446 1685 1566 1728 finiti-

184 1779 287 1817 mos,
308 1766 484 1818 maJores
506 1779 602 1807 vero
625 1779 649 1807 a
671 1767 947 1819 septentrione
969 1765 1146 1808 Chaucis
1167 1765 1356 1807 finitimos
1377 1766 1566 1805 nominat.

250 1842 318 1885 *Is
352 1846 455 1885 enim
489 1843 587 1886 dicit
617 1844 740 1885 haec:
787 1845 1030 1897 Κατέχουσι
1062 1844 1112 1887 δὲ
1142 1844 1216 1901 τῆς
1238 1844 1481 1901 Γερμανίας
1513 1841 1568 1884 τὰ

183 1924 266 1979 μὲν
305 1927 428 1978 παρὰ
465 1919 543 1964 τὸν
566 1920 716 1978 Ῥῆνον
747 1920 950 1979 ποταμρν
980 1919 1244 1979 ἆρχόμενοις
1282 1919 1361 1964 ἄπ’
1395 1921 1568 1978 ἄρκτων

185 2004 229 2043 οἵ
257 2015 303 2042 τε
333 1996 636 2056 Βουσοὶκτεροι
668 1997 711 2041 οἱ
739 2001 884 2057 μίκροι
915 2002 990 2041 καὶ
1021 1997 1064 2041 οἳ
1093 1999 1376 2056 Σύγγαμβροι
1408 2029 1566 2040 ......

186 2076 276 2135 Τὴν
309 2077 359 2121 δὲ
388 2083 711 2134 παρωκεανῖτιν
741 2078 997 2131 κατέχουσιν
1029 2075 1136 2134 ὑπὲρ
1150 2073 1179 2131 ¹)
1210 2079 1293 2132 μὲν
1323 2075 1422 2126 τοὺς
1442 2080 1565 2119 Bov-

186 2157 420 2214 σακτέρους
451 2153 493 2198 οἳ
526 2157 708 2213 Φρίσσοι
737 2156 863 2213 μέχρι
899 2154 978 2197 τοῦ
999 2152 1200 2211 Ἀμισίου
1230 2153 1432 2210 ποταμοῦ
1434 2184 1565 2196 .....

174 2233 419 2282 Ἐλάσσονα
452 2234 501 2277 δὲ
531 2232 646 2292 ε”θνη
677 2237 752 2277 καὶ
769 2232 937 2290 μεταξὺ
957 2241 1133 2288 κεῖνται,
1168 2231 1357 2288 Καύχων
1376 2235 1459 2290 μὲν
1480 2233 1566 2277 τῶν

184 2313 350 2372 μικρῶν
370 2307 443 2356 καὶ
472 2312 559 2358 τῶν
588 2313 771 2371 Συήβων
791 2311 1089 2370 Βουσάκτεροι
1119 2311 1162 2356 οἳ
1189 2311 1360 2369 μείζους
1390 2310 1463 2370 ὑφ’
1490 2312 1566 2362 οὓς

184 2397 372 2449 Χαῖμαι,

256 2573 292 2614 -¹)
318 2573 553 2608 Ptolemaeus
588 2573 658 2607 hoo
689 2573 776 2608 low
808 2582 832 2608 a
863 2572 1184 2616 septentrionibus
1216 2572 1411 2615 profectus
1442 2571 1566 2617 signi-

184 2636 275 2675 fleat
302 2649 397 2675 voce
420 2637 506 2691 ὑπὲρ
532 2641 730 2685 „nostrum
747 2639 941 2681 nordlicw
969 2648 1061 2675 voce
1079 2635 1145 2675 ὑπὸ
1172 2640 1370 2685 „nostrum
1388 2639 1567 2674 stidlichJ'
