1792 3095
860 193 917 236 5⁹

193 313 422 373 Ἀμψάνοι
451 314 517 355 vel
555 314 818 373 Καμψιανοὶ
847 313 1130 368 Ampsivarios
1170 328 1196 356 a
1226 313 1367 356 Tacito
1407 327 1581 356 comme-

201 399 379 436 moratos
412 406 507 435 esse
539 391 806 447 quaerendos.
870 391 1059 434 Necesse
1091 395 1211 446 igitur
1242 398 1317 445 est,
1354 393 1462 444 illos,
1494 395 1581 446 qui-

200 473 278 515 bas
308 470 587 532 ,ξΑμψάνων
608 470 674 512 vel
702 470 1014 532 Καμψιανῶν”
1044 473 1193 514 mentio
1223 471 1280 524 fit,
1311 472 1426 514 locos
1459 483 1581 514 accu-

200 553 333 593 ratius·
359 552 642 592 examinemus.
749 556 753 561 “

291 629 440 672 Strabo
454 623 737 688 Ἀμψιοῖνοὺς
756 627 822 670 vel
844 625 1136 688 Καμψιανοὺς
1167 631 1329 681 (omnes
1352 631 1455 671 enim
1478 631 1581 671 inter

200 723 248 751 se
281 711 537 760 consentiunt
566 708 740 762 utroque
769 709 928 748 nomine
958 721 1079 749 unum
1109 708 1357 763 eundemque
1389 709 1580 763 populum

201 785 447 841 significari)
485 786 550 828 bis
589 791 877 828 commemorat
913 786 992 828 hoc
1030 787 1123 828 loco
1142 783 1172 839 ¹)
1214 801 1286 828 eos
1324 788 1485 841 populis
1526 786 1580 828 ad

202 865 412 907 Oceanum
450 864 728 907 accolentibus
769 863 1057 916 adnumerans,
1096 861 1210 918 ino’)
1247 867 1297 906 iis
1338 865 1581 916 nationibus,

202 960 251 987 ex
282 944 427 999 quibus
459 943 727 985 Germanicus
759 943 1000 997 triumphum
1034 946 1128 996 egit.

292 1023 487 1073 Causam,
520 1035 592 1062 cur
622 1021 689 1062 hic
720 1021 918 1076 populus,
954 1022 1020 1062 cui
1053 1034 1197 1062 nomen
1220 1017 1472 1079 Ἀμψάνων
1504 1028 1580 1074 est,

201 1102 446 1156 Ampsivarii
477 1102 559 1141 sint
589 1099 775 1152 habendi,
808 1098 991 1154 equidem
1024 1114 1104 1141 non
1136 1102 1238 1142 satis
1259 1101 1437 1154 intelligo
1460 1106 1581 1155 atque

201 1180 299 1221 nihi!
330 1179 487 1231 obstat,
527 1181 738 1234 quominus
770 1179 848 1220 hoc
879 1181 1038 1220 nomine
1069 1179 1188 1220 alium
1221 1179 1417 1234 quendam
1450 1193 1581 1235 popu-

201 1260 280 1299 lum
312 1258 529 1311 significari
560 1258 860 1299 contendamus.
925 1257 1038 1299 Haec
1072 1261 1189 1299 etiam
1223 1264 1287 1299 est
1318 1273 1465 1309 causa,
1498 1274 1582 1310 cur,

204 1339 268 1392 qui
294 1334 540 1396 Ἀμψιάνοι
570 1336 626 1376 illi
659 1335 827 1386 fuerint,
866 1338 1089 1390 scriptores
1121 1338 1225 1378 inter
1256 1350 1303 1378 se
1336 1336 1581 1391 discrepent,

203 1429 279 1456 nec
312 1415 480 1465 desunt,
521 1416 588 1467 qui
613 1411 863 1470 Ἀμψάνων
891 1416 1052 1455 nomine
1082 1429 1191 1455 nunc
1212 1415 1317 1456 hanc
1337 1429 1444 1456 nunc
1475 1416 1581 1457 illam

202 1494 401 1534 nationem
426 1491 756 1545 comprehensam
778 1490 907 1532 fuisse
929 1494 1169 1546 putaverint,
1198 1494 1273 1544 uic,
1301 1497 1345 1534 ut
1365 1494 1580 1534 nonnullos

202 1572 375 1622 afferam,
387 1569 615 1612 Wenckius
623 1565 657 1621 ³)
675 1570 903 1612 chamavos
919 1571 1117 1624 intelligit,
1132 1570 1387 1612 Reichardus
1396 1568 1431 1624 ⁴)
1448 1578 1579 1622 autem

204 1649 368 1691 eosdem
401 1651 441 1690 in
462 1648 581 1690 Albis
612 1648 720 1689 fluvii
751 1649 877 1690 latere
899 1650 1081 1691 orientali
1108 1652 1232 1705 ponit,
1264 1652 1327 1691 cui
1350 1652 1388 1691 in
1412 1650 1581 1693 vocibus

202 1728 423 1783 „Kampz”
444 1728 626 1779 „Cams”
653 1732 693 1769 et
712 1726 934 1781 „Kampe”
966 1731 1006 1769 in
1030 1728 1176 1770 ducatu
1197 1728 1582 1783 Meckienburgensi

204 1807 326 1860 hujus
358 1807 495 1861 popuii
526 1808 698 1847 nominis
729 1808 901 1859 vestigia
933 1820 1154 1861 superesse
1185 1806 1409 1851 videantur.

295 1885 428 1927 Nobis
449 1890 581 1926 autem
604 1885 834 1938 diligentius
857 1886 972 1926 locos
995 1885 1209 1927 Strabonis
1237 1887 1583 1940 perscrutantibus

205 1963 426 2019 apparebit,
449 1961 713 2023 Ἀμψάνους
742 1963 808 2005 vel
839 1962 1135 2025 Καμψιανοὺς
1165 1955 1301 2007 nullos
1331 1967 1408 2007 nisi
1434 1966 1583 2020 Angri-

204 2046 339 2086 varios
372 2050 466 2084 esse
497 2041 721 2086 habendos

286 2218 313 2260 ¹)
339 2219 450 2252 Hunc
473 2218 598 2252 locum
618 2215 698 2262 jm
724 2224 838 2261 supra
864 2216 917 2261 (p.
936 2215 1000 2261 32)
1027 2218 1149 2252 attuli.

284 2284 315 2327 ¹)
341 2286 477 2320 strabo
508 2284 573 2319 lib.
596 2285 680 2319 vn.
708 2287 743 2327 S.
769 2284 805 2319 4.
837 2296 873 2327 p,
895 2283 937 2321 7:
977 2284 1175 2332 ἐπόμπευσε
1208 2282 1248 2320 δὲ
1277 2282 1342 2319 καὶ
1370 2286 1482 2330 Δίβης
1517 2285 1584 2320 τῶν

204 2349 355 2386 Χιίττων
379 2349 497 2399 ἱερεύς
527 2349 590 2385 καὶ
625 2348 715 2385 ἄλλα
740 2349 779 2385 δὲ
804 2348 951 2397 σώματα
974 2350 1181 2397 ἐπομπεύθη
1205 2350 1244 2385 ἐκ
1267 2349 1335 2385 τῶν
1357 2352 1583 2399 πεπορθημέ-

205 2430 280 2453 νων
302 2416 423 2453 ἐθνῶν
449 2416 654 2452 Καθὺλκων
678 2415 741 2452 καὶ
765 2415 981 2464 Ἄμψάνων,
1006 2418 1262 2463 Βρουκτὲρων,
1290 2416 1479 2459 Ὀυσίπων,
1505 2420 1582 2460 Χη-

206 2483 379 2530 ρούσκων,
402 2481 563 2524 Χάπων,
588 2484 859 2532 Χαιτουαρίων,
882 2481 1049 2525 Λανδῶν,
1084 2484 1315 2529 Τουβαηίων.

282 2550 311 2592 ³)
342 2549 509 2584 Heln-ich
539 2549 729 2583 Bernhard
761 2549 934 2583 Wenks:
973 2549 1176 2584 Hessische
1208 2550 1585 2594 Laudesgeschichte.

206 2617 411 2652 Frankfurt
435 2617 509 2650 und
533 2614 689 2657 Leipzig
717 2612 821 2650 1789.
854 2615 943 2650 IIto.
968 2625 1003 2658 p.
1023 2613 1082 2651 29.
1109 2619 1184 2652 not.
1201 2617 1226 2651 f.

283 2683 311 2724 ⁴)
338 2682 539 2719 Reicbard:
566 2681 790 2719 Germaniam
815 2683 886 2717 cet.
911 2691 946 2726 p.
966 2678 1026 2719 59,
