1792 3095
854 178 911 220 44

289 298 403 341 Haec
434 301 661 342 testimonia
695 314 716 342 e
733 299 876 342 Tacito
900 305 940 342 et
956 299 1117 355 Vellejo
1141 305 1181 344 et
1202 299 1438 344 Ptolemaeo
1460 303 1585 345 allata

201 379 390 430 efficiunt,
422 383 466 419 ut
488 378 703 421 Strabonis
726 379 849 421 verba
862 376 907 432 ¹),
940 393 990 422 ex
1012 380 1158 434 quibus
1179 380 1584 434 Langobarditrans

200 458 333 502 Albim
374 457 550 513 ponendi
590 464 753 511 essent,
793 460 962 501 nullius·
983 462 1172 502 momenti
1205 461 1428 503 existimem
1459 466 1583 516 atque

197 539 317 592 longe
350 552 373 580 a
406 537 580 580 Cluverii
615 543 654 579 et
676 535 882 591 Cellarii')
915 541 1115 582 sententia
1147 538 1348 598 recedam,
1379 542 1453 594 qni¹
1479 540 1582 585 baeu

198 618 413 660 Strabonis
446 617 569 659 verba
601 631 651 660 ao
684 614 968 671 Suetonium')
1002 621 1133 678 secuti
1164 620 1282 663 nimis
1314 621 1353 661 in
1386 621 1580 663 orientem

198 703 432 755 spectantes
454 696 747 751 Langobardos
779 699 942 742 faciunt.
996 697 1057 741 Ex
1077 712 1165 742 mea
1188 697 1349 758 quidem
1369 702 1582 751 sententia,

198 786 377 822 veterum
411 782 652 834 scriptorum
687 780 928 821 testimoniis
961 777 1072 830 fulta,
1105 776 1277 821 sedebat
1307 778 1374 821 bic
1406 779 1582 835 populus

198 862 302 902 inter
335 860 499 902 Aleram
533 860 749 915 Albimque
790 862 830 901 in
873 861 1098 914 principatu
1137 857 1418 918 Luneburgieo
1461 866 1581 914 atque

199 943 239 981 in
281 954 327 982 ea
367 942 555 994 regione,
596 955 699 995 quae
738 938 859 982 hodie
899 942 1067 981 vocatur
1107 937 1311 991 Altmark,
1354 953 1377 981 a
1416 938 1582 982 meridie

201 1020 377 1063 Chaucis
408 1016 656 1073 finitimus⁴).

289 1098 401 1141 Idem
434 1113 594 1153 quoque
627 1097 910 1153 comprobatur
942 1097 1110 1143 historia
1143 1101 1182 1139 et
1214 1097 1460 1152 geographia
1492 1100 1582 1144 aevi

199 1178 341 1234 medii3
377 1193 468 1221 nam
502 1192 580 1220 una
612 1177 880 1229 Stoi-marcis,
913 1176 1109 1228 Holzatis,
1142 1176 1407 1229 Thetmarzis,
1439 1192 1462 1219 a
1495 1180 1578 1232 qui-

198 1259 276 1301 bus
310 1259 471 1314 populis
505 1258 844 1312 septentrionales
876 1258 1065 1311 regiones
1087 1255 1216 1300 fuisse
1237 1270 1459 1312 possessas
1483 1270 1581 1298 con-

200 1345 294 1391 stat,
315 1338 438 1381 Bardi
461 1343 601 1379 contra
619 1336 776 1380 Slavos,
791 1333 970 1390 agunt⁸),
993 1342 1202 1391 praeterea
1220 1337 1389 1379 Carolus
1406 1338 1583 1391 Magnus

201 1418 373 1474 epistola
406 1432 480 1459 sua
514 1416 565 1459 ad
589 1416 734 1468 Offam,
765 1415 1010 1458 Merciorum
1039 1429 1189 1469 regem,
1221 1429 1324 1457 auno
1349 1416 1584 1462 774missa

200 1498 404 1541 Saxonum
429 1502 468 1539 et
489 1495 847 1549 Langobardorum
869 1494 1102 1537 affinitatem
1127 1491 1377 1548 agnoscit‘);
1412 1495 1583 1550 denique

200 1591 296 1619 vero
331 1581 503 1628 constat,
534 1575 776 1629 Bardengau
810 1574 1005 1629 quendam
1039 1570 1229 1630 pagum’)
1251 1576 1291 1615 in
1320 1574 1398 1617 bae
1419 1577 1583 1629 regione

283 1767 312 1804 ¹)
339 1764 474 1798 Strabo
501 1763 565 1798 lib.
584 1762 668 1797 VII.
694 1764 729 1806 S.
747 1760 771 1797 3
789 1787 798 1797 .
817 1787 826 1797 .
847 1786 855 1797 .
874 1788 881 1797 .
906 1763 1019 1812 μέρος
1044 1762 1083 1797 δέ
1106 1774 1137 1797 τι
1164 1761 1280 1798 αὐτῶν
1304 1761 1367 1798 καὶ
1389 1763 1504 1815 πέρὰν
1525 1764 1586 1800 τοῦ

193 1833 332 1879 ’Ἀλβιος
356 1831 535 1878 νέμετααι,
560 1829 729 1876 καθάπερ
751 1827 992 1878 Ἑρμόνδοροι
1014 1828 1078 1864 καὶ
1101 1828 1370 1878 Δαγκόβαρδοι.

279 1900 310 1942 ’)
344 1894 531 1935 cellarius
556 1908 591 1940 p.
610 1894 700 1932 383:
737 1900 893 1943 „Supra
917 1899 984 1932 hos
1010 1898 1172 1940 populos
1199 1897 1408 1938 (Verinos)
1442 1906 1584 1934 amnem

200 1970 351 2011 spi-eam
380 1974 535 2009 versus,
567 1964 649 1998 sive
674 1965 772 1999 inter
799 1964 918 1999 Albim
944 1966 984 1999 et
1009 1965 1166 2000 oderam
1192 1964 1229 1999 in
1257 1965 1585 2010 standenburgica

199 2034 364 2069 Marchia
389 2032 551 2076 ponendi
578 2032 815 2075 Langobardi
843 2032 1026 2066 videntur.

278 2103 308 2141 ³)
336 2102 489 2134 sueton.
516 2098 730 2139 (Octavian.
747 2097 832 2139 213:
862 2099 1066 2143 „coercuit
1084 2100 1125 2134 et.
1139 2101 1325 2135 Dacorum
1344 2099 1583 2136 incursiones

200 2192 327 2204 .....
354 2168 640 2209 Germanosque
669 2167 769 2201 ultra
795 2166 914 2201 Albim
942 2165 1098 2201 fluvium
1123 2167 1345 2202 submovit.”
1376 2169 1448 2202 Sed
1475 2178 1583 2212 quam

199 2234 336 2271 infidus
367 2234 571 2270 Suetonius
612 2232 683 2278 sit,
712 2231 791 2277 jam
829 2235 960 2278 docet,
1001 2235 1097 2277 quod
1131 2235 1176 2269 de
1203 2234 1377 2270 Caesaris
1413 2235 1583 2270 victoriis

199 2306 310 2347 plura
344 2311 451 2345 quam
477 2301 559 2344 ipse
583 2300 728 2336 caesar
753 2301 847 2344 scit;
880 2301 971 2336 dicit
996 2302 1090 2337 enim
1117 2304 1211 2343 (Jul.
1228 2300 1295 2342 25)
1330 2304 1584 2347 ,‚Germanos‚

200 2372 260 2415 qui
288 2372 393 2405 trans
419 2370 590 2404 Rhenum
616 2369 807 2413 incolunt,
832 2370 1001 2405 maximis
1028 2370 1155 2407 affecit
1181 2370 1363 2407 cladibus.

277 2441 308 2477 ⁴)
335 2439 438 2472 Idem
465 2436 578 2470 etiam
606 2436 805 2471 Grimmius
832 2437 907 2481 (ΙΙ,
932 2435 1023 2477 683)
1055 2441 1230 2482 annotat;
1266 2447 1334 2473 nec
1361 2438 1480 2474 minus
1508 2439 1583 2473 Un-

200 2504 395 2549 gewitter:
421 2505 591 2538 Neueste
617 2504 837 2539 Erdbeschr.
876 2506 1008 2540 Dresd.
1029 2504 1133 2541 1844.
1159 2517 1194 2550 p.
1217 2504 1294 2542 126.

280 2573 310 2609 ⁵)
336 2572 521 2605 Helmold.
549 2571 681 2606 Clu-on.
707 2573 809 2606 Slav.
835 2573 872 2616 Ι,
899 2570 954 2607 16.
971 2570 1029 2606 25.
1047 2570 1105 2608 34.

279 2639 310 2678 ⁶)
339 2638 488 2680 Gaupp:
516 2639 580 2672 das
607 2640 684 2673 alte
712 2640 855 2674 Gesetz
882 2640 949 2674 der
973 2640 1184 2685 Thuringer
1209 2650 1243 2683 p.
1262 2636 1309 2675 68
1328 2640 1364 2674 et
1381 2636 1439 2676 69.

280 2707 309 2748 ⁷)
335 2705 614 2748 Bardengauwi
640 2707 752 2741 Pertz
780 2708 809 2752 1,
828 2705 909 2742 184.
