1792 3095
881 176 939 219 2⁷

223 303 313 347 dem
346 302 558 354 sententia,
590 305 634 343 ut
665 299 785 354 longe
815 298 866 341 ab
900 299 991 354 ejus
1022 299 1210 354 opinione
1237 295 1478 340 recedamus
1497 295 1598 340 Bar-

222 384 305 425 thio
326 377 366 431 ι)
405 383 704 432 assentientes,
742 378 929 422 Cimbros
968 392 1167 434 nusquam
1205 380 1285 421 nisi
1314 380 1355 423 in
1385 376 1599 435 peninsula

221 461 356 506 Jutiea
387 475 482 504 esse
514 457 791 503 collocandos.

311 541 404 583 Nec
435 540 583 582 desunt
613 543 862 593 argumenta,
893 539 1041 594 quibus
1071 540 1175 582 haec
1206 540 1408 582 sententia
1438 541 1599 593 egregie

224 621 428 677 probetur.
485 618 597 674 Quid
626 624 760 662 tamen
791 618 843 661 de
875 618 1125 662 Cimbrorum
1158 622 1311 674 origine
1341 617 1599 661 statuendum

222 703 291 754 sit,
321 713 403 742 non
433 713 565 742 meum
598 704 663 742 est
694 696 994 753 investigare').
1034 700 1146 743 Satis
1171 704 1225 744 sit
1246 713 1599 750 commemorasse,

224 781 331 824 hunc
362 779 553 835 populum
586 793 636 820 ex
666 781 987 827 messententia
1017 794 1149 835 neque
1176 779 1229 822 ad
1249 775 1437 833 Gallos⁸)
1469 791 1599 833 neque

222 859 276 904 ad
306 855 515 911 Genus-⁴),
555 856 631 900 scd
662 856 716 900 ad
747 856 1018 910 Germanoff)
1051 873 1146 901 esse
1176 858 1447 902 referendum.

312 937 410 990 His,
450 951 555 992 qnae
594 935 649 978 ad
685 938 879 990 originem
919 936 1172 979 Cimbrorum
1209 941 1418 992 spectant,
1457 937 1602 979 leviter

222 1019 358 1070 tactis,
382 1016 438 1059 ad
471 1014 753 1072 perlustranda
783 1018 1027 1069 testimonia,
1059 1031 1108 1059 ex
1129 1016 1275 1072 quibus
1297 1016 1349 1058 de
1372 1017 1494 1071 hujus
1527 1030 1600 1071 po-

224 1098 306 1155 puli
337 1096 505 1140 sedibus
537 1094 687 1151 aliquid
720 1100 872 1138 certum
904 1095 1090 1139 concludi
1127 1099 1275 1153 possit,
1305 1096 1598 1152 aggrediamur.

303 1225 333 1264 ¹)
358 1223 487 1258 Barth:
510 1222 787 1258 Deutscblauds
813 1207 1094 1267 Urgescbiclite.
1126 1223 1157 1267 1,
1175 1219 1256 1259 156.

304 1292 335 1331 ⁸)
360 1291 415 1325 De
434 1287 667 1325 cimbrorum
692 1289 850 1335 origiue,
873 1290 930 1325 uti
955 1290 1125 1325 omnibus
1150 1291 1293 1335 notum,
1316 1291 1431 1334 longe
1451 1291 1602 1335 lateque

225 1358 465 1401 disputarunt
490 1356 562 1391 viri
587 1356 708 1401 docti,
739 1356 778 1391 in
812 1356 1092 1391 diversissimas
1117 1357 1354 1392 discedentes
1380 1357 1603 1402 sententias,

225 1433 379 1468 quarum
410 1422 737 1466 ingeniosissimae
770 1422 852 1457 mibi
883 1423 1058 1458 videntur
1087 1433 1111 1458 a
1142 1424 1343 1458 Dunckero
1368 1425 1540 1466 prolatae
1563 1424 1602 1458 in

223 1491 290 1526 iilo
315 1490 425 1534 libro,
450 1490 512 1533 qui
536 1489 775 1525 inscribitur:
799 1489 977 1533 Origines
1004 1490 1260 1527 Germanicae.
1290 1491 1453 1526 Berolini
1471 1489 1576 1526 1840.

302 1559 334 1598 ³)
360 1556 498 1593 Cimbri
523 1558 718 1592 Gallorum
750 1556 860 1600 stirpi
884 1556 1068 1600 adscripti
1092 1558 1182 1592 sunt
1206 1557 1253 1592 ab
1278 1557 1335 1593 bis
1361 1558 1601 1593 auctoribus:

224 1624 376 1669 Cicero,
408 1624 453 1658 de
477 1623 674 1667 provincia
698 1624 847 1658 consul.
876 1632 911 1658 c.
937 1622 1003 1668 13,
1034 1624 1080 1657 de
1106 1625 1201 1659 orat.
1225 1624 1273 1658 Π.
1298 1633 1331 1659 c.
1347 1622 1416 1667 66;
1447 1626 1602 1659 Sallust.

223 1692 413 1735 Jugurtha
437 1699 470 1726 c.
490 1689 560 1725 114
568 1700 581 1734 3
618 1690 701 1725 Liv.
726 1689 813 1733 epit.
827 1687 893 1732 723
931 1691 1070 1725 Florus
1095 1690 1163 1724 111.
1189 1700 1222 1725 c.
1239 1688 1263 1726 3
1272 1702 1284 1734 ς
1318 1693 1455 1727 Sextus
1480 1692 1600 1727 Rufus

224 1759 328 1793 brev.
356 1767 388 1792 c.
405 1754 440 1792 6.
477 1756 582 1792 cont.
607 1756 691 1791 Job.
716 1755 873 1791 Miiiler:
907 1757 952 1790 tle
977 1757 1077 1791 bello
1100 1756 1297 1792 Cimbrico.

302 1826 334 1865 ⁴)
360 1824 480 1860 Celtis
505 1823 764 1859 adnumeravit
788 1822 959 1859 Gimbros
989 1824 1131 1867 Appias
1167 1826 1300 1868 (Illyr.
1325 1825 1390 1859 lv.
1416 1825 1503 1860 bell.
1530 1824 1602 1860 civ.

225 1894 256 1937 1,
274 1890 354 1935 29),
377 1889 490 1935 cnjus
514 1889 777 1925 auctoritatem
802 1890 927 1924 secuti
943 1890 1169 1925 Niebubrius
1187 1891 1373 1931 (Niebuhr
1394 1892 1448 1925 ki.
1461 1891 1602 1926 Schrif-

227 1962 293 1994 ten
309 1969 345 2001 p.
361 1954 453 1997 383)
478 1958 517 1991 et
540 1955 727 1991 Miillerus
754 1955 929 1999 (Marken
952 1966 989 1999 p.
1009 1955 1079 1992 114
1096 1959 1134 1992 et
1153 1955 1240 1999 115)
1265 1957 1433 1993 Cimbros
1451 1967 1494 1994 re
1512 1967 1603 1994 vera

225 2024 353 2060 Celtas
386 2023 508 2058 fuisse
539 2022 760 2068 opinantur,
791 2031 887 2067 quae
919 2025 1046 2058 tamen
1076 2024 1267 2060 sententia
1297 2024 1488 2060 refellitur
1510 2033 1603 2068 gra-

225 2082 381 2127 'vissima
414 2091 628 2127 ceterorum
660 2089 887 2134 scriptorum
919 2090 1146 2128 auctoritate
1184 2100 1255 2127 nec
1288 2091 1411 2127 minus
1444 2092 1601 2127 ducibus

225 2159 435 2204 cimbricis,
468 2167 562 2202 quos
588 2157 626 2193 in
650 2166 777 2201 pugna
802 2157 952 2193 occisos
978 2158 1139 2194 Orosius
1165 2160 1232 2205 (V,
1249 2155 1313 2197 16)
1339 2163 1604 2194 commemorat

225 2234 456 2270 quorumque
479 2214 629 2260 nomina
654 2233 701 2260 ex
725 2225 941 2269 germanica
965 2225 1112 2273 origine
1137 2226 1306 2261 (lucenda
1321 2225 1507 2261 zeussius
1533 2235 1604 2262 nu-

226 2301 293 2337 per
317 2293 355 2327 in
379 2293 478 2327 libro
503 2301 624 2335 supra
644 2293 798 2327 laudato
822 2292 962 2327 (locuit.
1166 2280 1174 2288 ¹

306 2362 337 2399 ⁵)
363 2360 633 2394 Germanorum
659 2359 771 2403 stirpi
795 2359 965 2395 Cimbros
990 2367 1078 2395 esse
1102 2360 1372 2396 adscribendos
1389 2360 1604 2404 gravissimi

226 2429 404 2463 auctores
430 2436 499 2462 nos
526 2428 680 2461 docent:
705 2426 862 2472 Plinius,
886 2427 1052 2471 Tacitus,
1077 2427 1303 2471 Pomponius
1318 2429 1430 2471 Mela,
1454 2428 1603 2472 Strabo,

227 2495 380 2540 Caesar,
407 2491 580 2539 Veliejus
603 2495 829 2529 paterculus
853 2495 901 2529 11.
926 2492 1036 2531 o.12.
1052 2493 1111 2531 50.
1128 2493 1195 2540 52,
1219 2495 1395 2530 Valerius
1418 2494 1604 2530 Maximus

226 2563 273 2596 ll.
290 2572 371 2605 cap.
388 2560 425 2605 2,
450 2564 594 2596 Seneca
618 2563 764 2596 consol.
787 2563 834 2597 ati
860 2564 968 2597 llelv.
994 2572 1028 2597 c.
1046 2560 1083 2606 6,
1107 2562 1336 2603 Quinctilian
1361 2562 1519 2596 declam.
1537 2563 1605 2595 lli.

227 2637 296 2671 pro
321 2629 426 2663 milit.
453 2630 557 2672 Mar„
584 2630 771 2664 Plutarch.
795 2631 904 2675 Mar„
918 2628 1092 2664 Justinus
1109 2625 1168 2663 38.
1186 2636 1219 2662 c.
1233 2626 1268 2672 5,
1293 2629 1448 2673 Eutrop.
1460 2629 1507 2663 V.
1525 2626 1605 2673 c.l,

228 2694 388 2734 orosius
412 2696 461 2730 V.
484 2694 596 2732 cviii.
