1792 3095
809 163 846 208 ,15
852 167 879 210 4

153 291 395 331 mentionem
427 287 536 340 facit,
567 286 731 330 easdem
754 287 879 329 sedes
903 289 1086 330 tenuisse
1109 282 1415 343 contendamus,
1438 303 1539 345 quas

149 369 232 422 jam
267 368 471 410 Strabone
503 374 669 409 auctore
703 370 999 409 constituimus.

246 446 304 489 Ut
342 451 477 489 tamen
518 449 747 489 accuratius
787 448 977 500 regiones
1016 461 1040 489 a
1071 446 1280 490 Bructeris
1318 461 1540 503 possessas

155 540 474 579 cognoscamus,
513 528 691 576 illarum,
739 539 844 579 quae
884 540 907 566 a
950 525 1192 567 Germanico
1234 529 1274 566 in
1314 526 1541 568 Germanos

155 612 376 659 susceptae
410 610 535 656 erant,
569 602 865 659 expeditionum
897 606 1091 645 rationem
1125 604 1346 647 habeamus
1367 619 1541 647 necesse
1574 604 1580 612 “

156 689 241 734 est,
283 661 341 723 de*
366 682 513 736 quibus
546 683 716 723 Tacitus
749 683 904 722 haecce
935 682 1058 724 habet
1089 683 1201 731 (ann.
1228 683 1297 726 lib.
1318 682 1353 725 I.
1383 684 1422 726 c.
1446 682 1538 736 60).

154 762 233 814 „Et
264 777 316 804 ne
347 762 496 802 bellum
530 763 637 803 mole
666 776 746 803 una
769 764 986 815 ingrueret,
1020 763 1234 803 Caecinam
1258 776 1347 803 cum
1370 763 1541 817 quadra-

155 843 265 893 ginta
300 840 535 881 cohortibus
560 840 756 882 Romanis
790 838 1051 881 distrahendo
1085 840 1194 881 hosti
1226 854 1299 896 per
1319 841 1542 884 Bructeros

156 919 209 961 ad
248 920 394 960 flumen
426 920 622 960 Amisiam
657 922 795 970 mittit,
837 922 1011 973 equitem
1042 918 1157 959 Pedo
1190 919 1423 973 praefectus
1454 920 1543 964 fini,-

155 997 233 1038 bus
255 996 476 1038 Frisiorum
511 997 648 1037 ducit.
668 1028 677 1039 .
699 1029 707 1039 .
729 1029 739 1039 .
772 997 925 1038 Chauci
959 1010 1048 1037 cum
1080 998 1226 1039 auxilia
1258 998 1544 1052 pollicerentur

157 1078 197 1116 in
240 1076 511 1116 commilitium
551 1074 696 1116 adsciti
737 1080 844 1118 sunt.
907 1074 1130 1116 Bructeros
1174 1090 1247 1117 sua
1291 1078 1442 1118 urentis
1474 1091 1543 1117 ex-

157 1154 294 1208 pedita
328 1169 417 1195 cum
451 1169 568 1196 manu
590 1154 744 1195 Lucius
767 1154 987 1195 Stertinius
1021 1156 1148 1194 missu
1171 1153 1400 1196 Germanici
1422 1154 1542 1205 fudit;

159 1232 321 1274 ductum
358 1232 453 1274 inde
485 1247 629 1286 agmen
661 1232 714 1274 ad
745 1232 909 1273 ultimos
940 1232 1241 1284 Bructerorum,
1273 1238 1544 1288 quantumque

157 1314 355 1353 Amisiam
388 1317 430 1353 et
460 1311 630 1367 Lupiam
663 1324 802 1353 amnes
834 1314 950 1363 inter,
981 1311 1220 1354 vastatum.’'

250 1391 311 1432 Ex
341 1392 405 1432 his
438 1391 594 1441 verbis,
628 1405 747 1445 quum
782 1396 935 1431 certum
967 1393 1041 1442 sit,
1074 1393 1214 1445 copias
1248 1390 1416 1433 eductas
1450 1404 1544 1433 esse

159 1485 182 1510 e
215 1471 362 1510 castris
385 1469 437 1510 ad
458 1469 644 1510 Rhenum
669 1470 829 1523 positis,
861 1474 1042 1523 apparet,
1074 1468 1309 1521 Bructeros,
1342 1483 1414 1524 per
1442 1483 1545 1523 quos

159 1548 334 1589 Caecina
374 1550 526 1589 missus
566 1553 652 1599 est,
685 1550 725 1589 in
765 1548 1151 1589 sinistra·Amisiae
1189 1550 1277 1603 ripa
1315 1548 1544 1598 habitasse3

159 1641 235 1667 nec
269 1629 399 1667 minus
434 1629 693 1680 perspicuum
727 1631 811 1676 est,
853 1626 945 1666 illos
976 1625 1219 1677 Bructeros,
1264 1629 1330 1680 qui
1362 1641 1385 1668 a
1417 1626 1543 1667 Lucio

160 1703 357 1745 Stertinio
381 1704 460 1745 fusi
486 1710 708 1755 narrantur,
733 1717 854 1756 agros
878 1706 918 1744 in
942 1704 1108 1746 dextera
1130 1705 1311 1745 Amisiae
1332 1707 1421 1759 ripa
1441 1707 1544 1746 sitos

160 1785 363 1833 tenuisse3
390 1797 480 1824 nam
499 1782 685 1824 Bructeri
707 1784 746 1823 in
765 1784 928 1823 sinistra
946 1782 1119 1823 fluminis
1139 1784 1225 1836 ripa
1242 1782 1451 1836 degentes,
1473 1797 1546 1837 per

160 1850 327 1916 quorum
351 1861 453 1902 fines
474 1861 687 1903 Caecinam
712 1875 807 1902 esse
830 1861 1053 1915 profectum
1076 1863 1243 1913 scimus,
1265 1875 1383 1916 quum
1401 1861 1545 1903 Rheno

159 1940 295 1991 fluvio,
326 1939 377 1981 ad
402 1954 518 1994 quem
538 1940 710 1981 Romani
735 1945 868 1980 castra
893 1942 1040 1981 stativa
1064 1939 1279 1992 habebant,
1304 1940 1456 1981 finitimi
1480 1954 1547 1982 es-

160 2024 264 2068 sent,
297 2018 440 2058 hostes
473 2032 520 2058 se
553 2022 762 2072 praestare
794 2019 881 2058 ausi
915 2031 995 2057 non
1027 2017 1225 2069 videntur,
1263 2017 1304 2058 id
1336 2018 1444 2075 quod
1476 2019 1547 2059 tibi

160 2096 409 2150 probabilius
441 2096 497 2147 fit,
533 2098 568 2136 si
601 2098 844 2150 respexeris,
877 2095 1059 2137 Tacitum
1090 2096 1238 2137 nullius
1271 2097 1411 2150 proelii
1444 2099 1547 2138 inter

162 2174 375 2214 Caecinam
410 2179 450 2214 et
474 2174 696 2214 Bructeros
730 2175 935 2213 commissi
970 2175 1211 2214 mentionem
1242 2172 1398 2225 facerc3
1431 2174 1546 2217 Ster-

161 2253 299 2293 tinium
333 2256 465 2293 autem
499 2267 543 2294 re
574 2266 671 2294 vera
703 2254 743 2293 in
764 2252 985 2294 Bructeros
1018 2254 1144 2307 ripam
1178 2251 1382 2295 dexteram
1406 2259 1546 2296 tenen-

161 2337 226 2373 tes
261 2318 485 2387 prosectum
520 2345 632 2383 esse,
664 2330 790 2373 verba
822 2345 934 2386 „sua
968 2333 1157 2373 urentis”
1185 2334 1425 2387 respiciens,
1459 2335 1547 2374 sine

161 2413 242 2452 ulla
276 2411 525 2452 dubitatione
559 2410 892 2452 confirmaverim.
933 2411 1079 2465 Neque
1113 2413 1215 2452 enim
1250 2411 1547 2462 credibileest,

163 2591 315 2625 subacti
340 2590 600 2636 Caninet’ates,
626 2591 794 2637 Attuari‚
818 2592 1012 2635 Bructeri,
1038 2592 1181 2635 recepti
1205 2591 1386 2628 Cherusci
1411 2595 1545 2637 gentes

165 2661 204 2692 et
229 2657 369 2703 amnis,
394 2667 481 2692 mox
507 2661 641 2693 nostra
665 2659 773 2693 clade
798 2658 934 2694 nobilis
943 2682 954 2703 ,
979 2659 1165 2694 transitus
1193 2658 1382 2704 Visurgis.
