1792 3095
892 162 949 207 u

308 281 498 337 Denique
536 295 617 324 non
656 281 865 325 omittendi
896 288 992 326 sunt
1024 282 1273 339 iilipopuli‚
1312 296 1417 338 quos
1448 283 1603 327 Chauci

216 363 257 402 in
287 375 363 403 sua
395 365 601 415 potestate
632 374 684 403 ac
714 360 866 403 ditione
898 362 1102 414 tenebant,
1132 376 1183 404 ec
1203 375 1308 417 quos
1334 363 1604 414 „tributarios

216 441 383 482 socios”
422 441 720 495 appellaverim.
789 439 973 484 Historia
1013 443 1117 483 enim
1158 453 1239 485 non
1275 440 1398 484 modo
1430 440 1603 485 Germe-

216 533 356 561 norum
397 518 475 561 sed
514 522 689 562 omnium
729 521 848 561 etiam
889 520 1127 574 populorum
1171 519 1313 571 docet,
1351 522 1603 575 potentiores

215 601 401 642 nationes
433 601 605 654 gratuito
638 612 839 655 nunqnam
861 601 1047 642 minores
1069 598 1279 654 adjuvisse
1299 604 1458 654 gentes.
1493 598 1604 652 *Quo

216 677 364 721 factum
397 685 474 731 est,
506 689 551 721 ut
582 679 776 734 parvulae
805 680 991 721 nationes
1014 681 1258 734 saepissime
1279 677 1600 722 ceciderintue

215 760 423 813 imperium
473 757 746 814 ditionemque
788 772 925 801 eorum
966 759 1227 813 populorum,
1273 773 1298 801 a
1337 758 1498 813 quibus.
1523 757 1603 802 sibi

215 836 460 892 praesidium
493 852 542 879 ac
574 837 737 880 tutelam
771 836 859 879 fore
891 836 1125 892 sperabant.
1184 836 1407 881 Cheruscis
1439 835 1602 892 quidem

215 916 447 958 tributarios
489 918 629 958 socios
669 916 820 968 fuisse,
861 916 1010 958 Strabo
1052 915 1221 960 directis
1253 916 1390 959 verbis
1415 929 1600 958 <comme-

215 1000 344 1037 morat
356 990 407 1048 ¹):
440 992 485 1039 οἳ
513 994 748 1053 χηροῦσκοι
769 996 843 1038 καὶ
874 992 918 1037 οἳ
944 992 1112 1039 τούτων
1132 993 1330 1053 ὑπήκοοι,
1364 1009 1442 1051 quo
1460 1000 1601 1039 tamen

213 1072 458 1131 „imq'aeooo”
481 1074 680 1116 vocabulo
714 1074 948 1116 tributarios
979 1075 1118 1116 socios
1150 1074 1368 1128 significari
1389 1070 1604 1131 Boecirhf).

215 1151 476 1195 demonstrat.

306 1231 430 1284 Quod
470 1233 590 1285 igitur
628 1246 697 1273 res
739 1234 794 1274 ite
826 1246 874 1274 se
905 1232 1050 1283 habet,
1090 1233 1295 1285 conjicere
1325 1232 1441 1283 licet,
1480 1232 1600 1273 etiam

215 1309 406 1351 Chaucos
444 1309 677 1352 tributarios
709 1292 848 1353 socios
879 1310 1094 1361 habuisse5
1135 1309 1177 1351 id
1208 1309 1315 1365 quod
1350 1323 1398 1352 eo
1430 1309 1475 1352 fit
1505 1323 1600 1364 pro-

212 1389 402 1440 babilius,
436 1388 546 1443 quod
576 1403 656 1430 non
688 1388 850 1431 dubium
886 1394 963 1441 est,
995 1391 1089 1443 quin
1123 1389 1326 1440 Germani,
1363 1391 1405 1429 in
1435 1390 1599 1430 univer-

213 1481 301 1508 sum
341 1469 382 1507 in
422 1479 470 1508 se
508 1466 668 1518 infesti,
717 1481 765 1508 eo
806 1470 1025 1523 praecipue
1064 1472 1267 1522 tempore,
1308 1480 1387 1521 quo
1425 1466 1598 1508 Romani

213 1545 427 1588 Germanis
464 1546 614 1588 bellum
645 1545 892 1599 inferebant,
941 1549 982 1588 in
1014 1546 1117 1589 duas
1149 1546 1422 1589 discesserint·
1447 1551 1598 1601 partes,

213 1638 379 1681 quarum
418 1625 545 1667 altera
576 1624 783 1667 Romanos
816 1626 881 1668 vel
924 1640 1017 1679 eos,
1057 1628 1124 1682 qui
1159 1624 1355 1668 Romanis
1395 1623 1598 1677 favebant,

212 1705 339 1746 altera
372 1704 608 1748 Cheruscos
643 1705 901 1760 sequebatur.
961 1706 1059 1747 Eam
1094 1704 1145 1747 ob
1179 1719 1344 1748 causam
1377 1705 1597 1749 minoribus

211 1785 374 1839 populis
415 1797 543 1839 saepe
585 1783 717 1826 datam
759 1798 855 1827 esse
895 1786 1151 1827 occasionem
1190 1782 1403 1827 deficiendi
1434 1782 1485 1826 ab
1517 1783 1596 1825 aiio

210 1863 361 1918 populo
403 1865 630 1917 potentiore
669 1862 722 1905 ad
760 1864 881 1905 alium
919 1869 1090 1919 apparet
1126 1877 1204 1905 nec
1243 1864 1376 1905 minus
1414 1867 1597 1917 apertum

213 1948 296 1992 est,
330 1942 521 1984 Chaucos
557 1942 711 1983 favisse
742 1942 952 1986 Romanis.
1017 1942 1273 1984 Chaucorum
1305 1955 1403 1984 vero
1435 1946 1602 1995 gentem-

210 2035 254 2062 re
275 2034 374 2063 vera
404 2027 485 2063 tam
517 2026 722 2077 potentem
752 2021 896 2074 fuisse,
929 2027 972 2063 ut
1002 2024 1189 2064 nationes
1221 2023 1397 2071 minores
1429 2022 1465 2063 ei
1498 2034 1595 2063 con-

210 2099 335 2142 fidere
368 2102 591 2155 potuerint,
632 2114 773 2143 omnes
806 2101 892 2143 fere
924 2103 1148 2158 scriptores
1169 2096 1205 2154 ⁸)
1236 2101 1292 2145 ita
1323 2086 1521 2153 indicant,
1553 2104 1597 2141 ut

210 2181 371 2221 minime
402 2181 534 2221 animo
567 2179 777 2234 pendeam.

210 2327 300 2363 dass
326 2326 385 2362 die
411 2327 583 2374 Friesen‚
606 2327 784 2366 chauken
809 2330 884 2365 und
906 2329 1121 2367 cherusker
1144 2329 1316 2367 kleinere
1341 2328 1593 2368 benchbarte

207 2394 355 2429 venter
378 2402 429 2429 zu
457 2393 629 2430 clientem
653 2396 801 2441 hatten,
833 2395 900 2431 mit
924 2397 1045 2433 denen
1071 2396 1127 2433 sie
1152 2397 1336 2433 demutet
1356 2395 1595 2440 dergleichen

209 2460 419 2497 nuudnisse
444 2464 559 2498 uuter
584 2461 700 2498 itu-em
726 2462 908 2499 Vorsitze
934 2463 1109 2500 bildeten.
1159 2461 1266 2500 conf.
1289 2461 1426 2507 2101.

289 2529 319 2567 ¹)
345 2529 481 2562 Strabo
507 2529 571 2563 lib.
591 2528 674 2563 VII.
699 2529 735 2573 1,
753 2531 790 2572 s.
805 2527 840 2564 3.

288 2596 318 2633 ²)
342 2596 511 2631 Boeokh:
535 2597 622 2633 ath.
644 2596 811 2632 Stnatsh.
835 2597 873 2641 Ι,
897 2605 932 2639 p.
948 2593 1033 2633 433.

285 2663 316 2700 ³)
340 2662 496 2698 Tacitus
522 2665 574 2704 (o.
590 2660 658 2703 35)
684 2671 776 2707 opes
802 2663 1058 2701 constantiam
1077 2662 1258 2708 viresque
1271 2662 1481 2711 praedicat,
1497 2662 1593 2700 Vel-
