1792 3095
870 173 929 217 4⁸7

214 295 345 345 adfert
374 294 427 338 ad
453 295 705 339 Chaucorum
734 294 837 338 fines
858 295 1182 349 constituendos3
1216 310 1332 352 quam
1353 296 1406 339 ob
1429 309 1593 339 causam

214 377 381 429 illerum,
411 390 512 431 quas
532 375 815 417 Germanicum
839 381 978 418 eontra
1000 376 1227 418 Germanos
1248 379 1487 432 suscepisse
1512 375 1593 417 Ta-

214 456 319 497 citus
351 460 499 507 narrat,
528 453 827 511 expeditionum
859 458 1052 499 rationem
1074 455 1296 499 habeamus
1317 470 1491 499 necesse
1512 459 1591 499 est.

257 560 263 570 2
299 535 470 579 Tacitus
491 537 611 589 igitur
630 534 744 589 (ann.
766 534 833 580 lib.
852 533 903 579 IL
924 550 961 580 e.
984 535 1032 589 8)
1064 541 1210 589 narrat,
1242 535 1484 579 Germanico
1508 549 1592 578 me-

213 618 311 659 tenti
353 621 508 668 castra,
549 615 685 659 classe
716 617 920 668 Amisiae,
960 629 1086 672 prope
1117 616 1281 659 Emdam
1322 615 1512 659 fortassis
1552 616 1593 657 in

213 698 299 751 ripa
322 696 501 738 Amisiae
522 698 688 738 sinistra
707 697 839 748 sitam,
871 696 1024 748 relicta,
1048 696 1373 751 Angrivariorum
1395 695 1592 737 defectio-

213 787 302 817 nem
334 789 358 817 a
390 780 504 830 tergo
538 788 633 817 esse
665 777 882 818 nuntiatam
913 773 1231 831 Stertiniumque
1264 790 1354 817 cum
1386 777 1520 830 equite
1552 779 1593 816 et

212 858 410 897 armatura
448 855 527 896 levi
567 856 756 907 missum,
797 857 890 908 igne
936 859 977 896 et
1017 853 1211 896 caedibus
1251 853 1456 909 perfidiam
1498 867 1593 896 esse

212 934 350 976 ultum.
413 934 549 989 Quum
583 947 680 976 vero
712 947 764 976 ex
793 934 885 985 illo,
925 932 1034 989 quod
1075 935 1114 975 in
1147 936 1331 989 sequenti
1365 935 1497 988 capite
1533 935 1593 974 in-

211 1016 347 1065 venis,
389 1014 589 1069 colloquio
628 1015 733 1056 inter
763 1014 984 1055 Arminium
1018 1018 1058 1055 et
1088 1013 1269 1055 Flavium
1306 1013 1452 1055 fratres
1484 1012 1591 1054 sacto

212 1092 465 1134 manifestum
514 1095 587 1144 sit,
636 1091 920 1136 Germanicum
969 1098 1101 1135 castra
1148 1091 1200 1153 ed
1241 1090 1447 1145 Visurgim
1495 1105 1591 1146 pro-

210 1171 313 1214 xime
363 1174 552 1227 posuisse
570 1168 602 1223 ¹)
651 1171 1025 1227 expeditionemque
1070 1176 1210 1214 contra
1255 1171 1520 1225 Angrivarios
1567 1185 1591 1212 a

210 1250 415 1293 Stertinio·
444 1256 675 1307 suscepta·
717 1252 876 1293 nonnisi
913 1250 969 1293 ad
999 1250 1165 1305 Visurgi
1204 1249 1353 1291 flumini
1384 1248 1590 1291 finitimum

210 1329 408 1385 quendam
439 1330 630 1385 populum
663 1335 878 1385 spectasse
909 1329 1005 1371 inde
1036 1335 1192 1384 pateat,
1230 1328 1339 1384 quod
1370 1329 1590 1371 Stertinius

209 1424 327 1462 „eum
361 1411 495 1464 equite
528 1415 568 1452 et
598 1416 796 1452 armatura
828 1409 938 1451 levi’'
969 1411 1120 1451 missus
1153 1409 1287 1464 paullo
1308 1413 1406 1463 >post
1436 1405 1490 1450 ad
1522 1421 1590 1450 ex-

209 1491 376 1530 ereitum
417 1490 630 1530 revertitur
669 1487 803 1543 ibique
842 1487 1024 1530 Flavium
1064 1488 1261 1543 „plenum
1305 1487 1438 1539 irae'',
1488 1500 1588 1541 quo-

208 1570 341 1610 minus
372 1581 481 1610 arma
514 1573 653 1610 eontra
683 1567 844 1609 fratrem
877 1573 1066 1619 verteret,
1097 1566 1285 1622 impedit:
1318 1567 1409 1609 luce
1441 1565 1589 1608 elarius

209 1648 302 1689 mihi
335 1647 505 1700 videtur,
538 1648 801 1702 Angrivarios
833 1650 1012 1704 proxime
1043 1647 1096 1690 ad
1116 1646 1322 1703 Visurgim
1357 1654 1397 1690 et
1428 1645 1588 1703 quidem

210 1729 256 1768 in·
280 1730 445 1770 sinistra
476 1727 647 1769 fluminis
679 1729 765 1782 ripa
798 1740 919 1781 agros
952 1741 1051 1769 suos
1084 1727 1290 1772 habuisse.

297 1805 518 1849 Praeterea
554 1806 721 1849 Tacitus
762 1809 800 1847 in
840 1807 1050 1848 annalibus
1082 1807 1170 1859 (lib.
1193 1806 1244 1859 ll,
1267 1822 1303 1850 c.
1330 1808 1407 1860 19)
1440 1809 1589 1861 Angri-

208 1888 343 1928 varios
374 1886 490 1938 „lato
524 1880 752 1939 aggere’)’'
793 1885 1003 1938 sejunctos
1045 1885 1173 1928 fuisse
1204 1900 1228 1927 a
1260 1886 1480 1929 Cheruscis
1512 1901 1588 1929 nos

209 1967 403 2006 certiores
425 1964 533 2005 facit.
577 1964 711 2017 Quum
735 1976 830 2004 vero
854 1977 902 2004 ex
934 1964 1144 2005 annaiibus
1178 1964 1265 2017 (lib.
1288 1964 1338 2017 ll,
1360 1979 1394 2007 c.
1421 1966 1489 2018 11,
1511 1966 1587 2017 12)

207 2042 412 2085 Romanos
434 2042 641 2096 Visurgim
675 2056 769 2084 esse
801 2047 1096 2096 transgressos,
1126 2043 1379 2087 manifestum
1401 2047 1468 2096 sit,
1500 2046 1587 2086 An-

205 2124 417 2175 grivarios,
450 2121 501 2163 de
523 2121 667 2176 quibus
689 2120 755 2162 hic
786 2135 918 2163 sermo
953 2128 1029 2174 est,
1060 2124 1100 2164 in
1121 2125 1208 2178 ripa
1228 2123 1420 2177 Visurgis
1448 2122 1586 2167 dextra

207 2199 428 2254 habitasse,
458 2214 577 2242 nemo
610 2201 685 2243 erit
715 2202 782 2255 qui
813 2206 947 2255 neget.

287 2311 316 2348 ¹)
345 2311 423 2343 Hoc
454 2308 549 2343 idem
582 2308 692 2343 etiam
726 2312 991 2345 massmannus
1025 2313 1199 2359 (Armin,
1225 2315 1266 2348 H.
1292 2315 1332 2348 F.
1357 2313 1585 2350 Massmann.

208 2378 347 2419 Lemgo
365 2373 472 2411 1839.
489 2386 525 2419 Ρ.
540 2374 608 2419 91)
633 2375 773 2411 indicat
788 2377 1049 2421 cluverusque
1067 2388 1142 2414 non
1159 2383 1275 2424 negat
1296 2382 1425 2416 dicens
1440 2383 1584 2422 (Germ.

198 2431 321 2486 'entim
346 2445 381 2485 ι).
399 2439 488 2486 553)
516 2443 684 2487 „casus
703 2443 828 2479 autem
851 2444 890 2479 in
914 2444 996 2488 ripa
1022 2445 1198 2490 Visurgis
1223 2448 1346 2490 posita
1371 2447 1509 2494 fuisse,
1535 2448 1585 2483 li-

207 2513 298 2553 quet
324 2518 373 2544 ex
397 2509 681 2555 sequentibus,'’
706 2519 777 2545 nec
803 2511 925 2546 minus
952 2513 1168 2548 Mascovius
1194 2516 1247 2556 (p.
1265 2511 1344 2554 92).

284 2577 314 2619 ¹)
342 2576 410 2613 Ubi
435 2576 494 2612 liic
520 2563 639 2621 agger
664 2578 768 2633 letus
803 2578 902 2613 situs
934 2579 1064 2622 fuerit,
1098 2588 1232 2624 magna
1263 2581 1453 2617 dissensio
1487 2582 1586 2618 inter

206 2641 310 2678 viros
326 2645 465 2681 unctos
479 2647 558 2680 est.
586 2644 714 2681 confr.
727 2645 903 2681 wilhelm
922 2646 1113 2690 (German.
1135 2645 1205 2683 164
1221 2651 1260 2684 et
1279 2647 1381 2696 165),
1398 2650 1586 2686 Wersebe

206 2709 369 2753 (volker
394 2715 468 2748 eto.
491 2722 529 2757 p.
550 2710 634 2758 90),
667 2714 841 2751 Mannert
866 2713 1081 2757 (Germania
1104 2725 1140 2761 p.
1156 2712 1237 2758 89).
