1792 3095
861 181 918 226 38

285 304 443 347 Plinius
477 303 688 346 Teutonos
720 316 801 346 non
833 309 985 347 tantum
1018 304 1268 347 Cimbrorum
1303 306 1460 347 vicinos
1492 303 1580 357 sed,

195 384 303 441 quod
335 386 467 438 magni
502 387 690 426 momenti
724 391 800 437 est,
834 384 990 427 medios
1022 388 1128 427 inter
1160 385 1346 427 Cimbros
1379 390 1420 425 et
1446 384 1581 426 Chau-

195 478 268 505 cos
299 466 477 505 nominat
509 464 573 506 his
605 464 743 506 verbis
775 465 865 519 (lib.
888 463 963 517 IV,
986 470 1090 507 sect.
1115 464 1218 518 28):
1255 463 1476 516 „Alterum
1509 476 1580 517 ge-

194 558 271 586 nus
304 543 558 598 Ingaevones
600 558 767 600 quorum
809 558 904 600 pars
937 543 1112 597 Cimbri,
1151 543 1324 587 Teutoni
1362 556 1411 585 ac
1445 541 1580 584 Chau-

196 638 332 667 corum
366 624 543 679 gentes?

288 704 428 746 Verba
461 718 580 756 vero,
621 718 724 759 quae
757 718 780 746 a
811 703 971 758 Pythea
1004 703 1108 746 facta
1150 702 1308 746 Plinius
1337 715 1581 747 commemo-

194 789 268 837 rat,
303 783 591 826 dubitationem
625 783 744 826 nobis
776 782 885 826 haud
917 784 1046 826 levem
1073 783 1277 839 injiciuut3
1310 796 1398 826 nam
1422 786 1458 827 si
1479 782 1581 826 haec

196 865 285 906 sola
326 867 537 919 sequeris,
575 866 615 905 in
649 865 767 917 longe
799 863 890 904 aliis
922 863 1155 917 regionibus
1195 877 1244 905 ae
1276 876 1400 919 supra
1431 865 1483 904 iis
1514 876 1582 905 as-

196 946 465 998 signavimus,
509 943 681 985 Teutoni
722 942 899 998 ponendi
941 956 1038 985 esse
1078 942 1278 987 videntur.
1349 942 1409 985 lta
1449 948 1582 985 autem

194 1024 377 1079 Pytheas
419 1026 604 1078 scripsit:
653 1022 921 1074 Guttonibus,
965 1021 1209 1065 Germaniae
1246 1024 1355 1078 genti
1375 1019 1414 1078 ι)
1453 1022 1582 1066 accoli

197 1106 442 1146 aestuarium
466 1103 636 1155 Oceani,
667 1103 957 1145 Mentonomon
989 1106 1162 1155 nomine,
1196 1106 1329 1159 spatio
1362 1103 1581 1145 stadiorum

196 1198 269 1226 sex
302 1184 483 1234 millium3
519 1183 568 1223 ab
602 1183 681 1223 hoe
715 1181 793 1224 diei
826 1185 1081 1237 navigatione
1105 1183 1275 1225 insulam
1298 1182 1447 1224 abesse
1472 1181 1582 1224 Aba·

195 1265 296 1305 lum:
339 1264 435 1305 illuc
474 1276 572 1304 vero
612 1262 802 1304 fluctibus
834 1262 980 1304 advehi
1013 1262 1249 1315 (electrum)
1283 1267 1324 1303 et
1356 1262 1452 1304 esse
1483 1275 1582 1303 con·

197 1345 296 1386 creti
329 1345 450 1385 maris
484 1348 811 1398 purgamentum:
845 1342 999 1384 incolas
1032 1355 1104 1397 pro
1137 1343 1246 1398 ligno
1279 1341 1331 1384 ad
1362 1343 1497 1395 ignem
1524 1343 1581 1385 uti

197 1437 245 1465 eo
278 1425 550 1478 proximisque
583 1418 825 1476 Teutonis')
860 1420 1051 1464 vendere.

287 1502 364 1545 His
396 1501 533 1544 verbis
566 1501 743 1555 adducti,
777 1515 898 1558 quum
920 1500 1211 1544 Mentonomon
1237 1514 1341 1545 voce
1373 1501 1582 1555 „frisches

194 1582 314 1624 Haff’'
335 1597 479 1637 aquam
501 1583 733 1636 significari,
750 1582 1010 1637 Tanaimque,
1027 1581 1080 1623 ad
1102 1595 1219 1636 quem
1242 1596 1372 1636 usque
1390 1578 1582 1635 Strabo³)

194 1662 393 1717 Pytheam
417 1676 513 1704 esse
536 1661 759 1717 profectum
782 1667 931 1713 narrat,
948 1660 1247 1715 intelligendam
1263 1660 1464 1704 Vistulam
1487 1675 1582 1704 esse

196 1747 357 1796 putent,
398 1754 539 1782 omnes
578 1740 663 1781 fere
697 1740 906 1780 Teutonos
946 1739 998 1781 ad
1038 1753 1147 1781 mare
1177 1739 1375 1781 Balticum
1408 1745 1582 1797 orasque

195 1821 419 1863 Borussiae
459 1834 507 1861 eo
540 1822 668 1874 magis
701 1819 930 1861 habitantes
963 1819 1168 1871 fecerunt,
1210 1818 1315 1874 quod
1350 1834 1429 1862 non
1461 1820 1580 1863 modu

197 1903 405 1960 succinum
438 1902 478 1941 in
508 1901 598 1942 istis
621 1885 854 1954 regionibus
878 1900 1036 1953 ejicitur
1057 1897 1133 1941 sed
1157 1900 1275 1941 etiam
1297 1899 1420 1941 multa
1442 1901 1580 1942 etiam-

195 2038 332 2083 derint,
359 2038 604 2074 Weichertus
631 2039 842 2082 (Pomponii
867 2040 990 2075 Melae
1016 2040 1089 2074 cet.
1114 2040 1159 2074 ad
1186 2040 1283 2074 hune
1308 2039 1451 2083 locum)
1478 2039 1581 2075 dicit.

196 2106 353 2141 Grotius
386 2106 443 2146 (in
469 2107 684 2150 prolegom.
710 2107 755 2141 ad
782 2106 978 2140 historiam
1005 2107 1212 2141 Gothorum
1239 2117 1273 2149 p.
1290 2105 1334 2142 21
1359 2109 1399 2142 et
1419 2106 1486 2147 71)
1512 2117 1581 2142 ex·

195 2173 356 2215 istimat‚
390 2172 643 2209 Codanoviam
671 2173 759 2208 olim
785 2173 920 2208 dictam
945 2174 1065 2208 fuisse
1091 2172 1360 2218 codun-au,
1390 2174 1415 2209 ί.
1443 2183 1477 2209 e.
1503 2176 1580 2209 Go-

198 2241 347 2274 thorum
373 2242 525 2274 terram.

277 2308 306 2346 ¹)
331 2306 481 2342 Nullius
514 2305 688 2341 momenti
722 2307 814 2341 sunt
849 2307 963 2342 verbs
998 2306 1206 2343 Rudbeekii
1243 2306 1457 2349 (Atlantica
1490 2307 1580 2343 illu-

195 2376 317 2410 strata
341 2385 377 2417 1).
392 2372 460 2413 45)
487 2374 601 2418 „pari
619 2372 710 2418 jure
736 2383 807 2417 ego
835 2374 930 2417 dieo,
957 2375 1133 2409 Germani
1158 2377 1247 2410 sunt
1266 2384 1361 2417 gens
1384 2376 1582 2410 Gothica.”

272 2444 304 2482 ¹)
330 2440 517 2476 zeussius
551 2441 629 2481 (die
655 2443 867 2476 Deutschen
896 2445 965 2476 cet.
992 2452 1026 2485 p.
1046 2438 1135 2481 105)
1168 2441 1325 2477 Plinium
1358 2452 1427 2485 pro
1452 2446 1577 2488 „rov-

195 2510 337 2547 τονοῖς”
363 2510 479 2544 verbo
505 2510 603 2552 apud
630 2510 807 2552 Pytheam
832 2509 988 2544 invento
1014 2510 1263 2553 „Teutonoi”
1289 2519 1421 2545 vocem
1446 2511 1578 2545 falsam

194 2576 341 2620 legisse
366 2577 583 2616 contendit,
609 2577 708 2620 quod
735 2577 904 2619 equidem
930 2580 1090 2618 probare
1116 2588 1190 2612 non
1218 2579 1350 2613 audeo.

272 2645 304 2682 ⁸)
330 2641 394 2678 καὶ
419 2642 509 2678 διότι
532 2639 742 2678 ἐπανελθών
765 2642 913 2678 ἐνθένδε
936 2642 1056 2679 πᾶσαν
1074 2644 1218 2680 ἐπέλθοι
1237 2642 1300 2688 τὴν
1317 2646 1580 2695 παρωκεανῖτιν

195 2708 252 2754 ἰἢς
275 2709 452 2759 Εὐρώπης
478 2706 547 2746 ἀπὸ
571 2711 760 2761 Γαδείρων
784 2710 850 2750 ἕως
878 2710 1068 2751 Τανάϊδος.
