1792 3095
884 172 943 215 33

232 315 275 335 ÷.·
312 296 428 338 Haeo
459 296 510 338 ad
546 293 884 349 comprobandam
908 296 1149 335 sententiam
1172 293 1384 346 sufficiant,
1419 293 1605 335 Gimbros

223 390 352 433 prope
386 375 577 422 Chaucos
610 377 650 415 in
682 374 892 429 peninsuia
917 373 1051 416 Jutiea
1083 388 1190 415 nunc
1221 380 1364 416 vocata
1398 373 1606 415 habitasse

225 468 366 510 neque·
388 456 524 509 negari
550 458 694 508 potest
723 452 1147 507 „Cimber-Syssel”,
1181 459 1335 508 partem
1354 452 1490 494 Jutiae
1511 452 1606 493 oiim

222 536 468 577 nominatam
500 547 645 575 nomen
677 545 807 584 suum,
838 537 884 574 ut
914 529 1211 587 Reichardus¹)
1245 531 1466 585 contendit,
1497 531 1605 573 Cim-

225 613 387 656 brorum
420 613 570 669 populo
603 608 855 663 debuisse’).

321 692 494 735 Cimbris
525 698 638 735 erant
668 694 880 748 propinqui
905 690 1076 734 Teutoni
1106 694 1239 748 itaque
1270 698 1523 735 transeamus
1555 687 1609 733 ad

226 768 492 823 Teutonum.

317 852 563 894 Difficillime,
595 866 691 893 vero
732 851 784 893 de
825 852 902 893 bac
944 857 1063 905 gente
1103 854 1268 906 propter
1308 851 1608 892 diversissimas

227 934 490 974 recentiorum
525 933 736 987 opiniones
768 931 997 986 disquisitio
1031 936 1107 973 est.
1161 931 1265 973 Nam
1299 944 1418 986 quum
1442 930 1608 973 Tacitus

227 1011 348 1065 hujus
382 1011 520 1066 populi
550 1013 590 1052 in
623 1010 837 1053 Germania
868 1011 1015 1053 nuliam
1048 1013 1287 1052 mentionem
1319 1011 1464 1065 faciat,
1499 1009 1611 1051 muiti

226 1092 299 1130 viri
333 1090 440 1131 docti
472 1091 620 1132 nullam
652 1104 823 1146 unquam
855 1095 1055 1133 nationem
1084 1096 1266 1132 vocatam
1301 1104 1396 1131 esse
1427 1089 1609 1140 „Teuto-

230 1169 335 1210 nos”
378 1175 566 1224 putarunt
606 1169 681 1211 sed
713 1170 984 1212 Teutonorum
1017 1184 1160 1212 nomen
1193 1183 1333 1210 omnes
1367 1169 1609 1210 Germaniae

228 1254 370 1301 gentes
392 1249 616 1303 amplexum
640 1255 760 1304 atque
791 1264 815 1291 a
846 1249 1011 1303 „Teut”
1035 1263 1149 1301 voce,
1176 1248 1299 1304 quam
1319 1248 1609 1290 Germanorum

229 1325 346 1368 deum
378 1327 633 1382 significasse
665 1334 825 1371 constat
839 1325 891 1382 ⁴),
924 1335 1053 1371 ortum
1086 1343 1181 1371 esse
1214 1335 1488 1384 sumpserunt.

308 1485 338 1523 ¹)
363 1484 568 1529 Reichard,
596 1484 818 1519 Germanien
844 1494 879 1527 p.
895 1483 954 1518 54.

310 1552 340 1589 ⁵)
366 1553 459 1586 Num
492 1551 529 1585 in
562 1551 697 1586 Silesia
728 1551 865 1587 Cimbri
899 1551 1167 1595 habitaverint,
1204 1552 1248 1585 ut
1285 1551 1382 1593 apud
1416 1551 1610 1585 Henelium

229 1616 542 1660 (Silesiographia
566 1618 595 1661 1,
612 1615 675 1660 71)
703 1618 955 1661 contenditur,
980 1618 1043 1651 vel
1068 1617 1106 1651 in
1132 1617 1199 1650 iila
1223 1617 1393 1661 regione,
1418 1618 1479 1651 cui
1505 1618 1611 1652 hodie

229 1692 361 1717 nomen
382 1686 443 1718 est
465 1684 749 1728 „Schwaben’',
774 1684 810 1718 id
827 1685 925 1726 quod
939 1685 1128 1718 Sattlerus
1144 1672 1385 1726 (Geschichte
1404 1693 1477 1718 von
1489 1684 1612 1719 wur-

231 1750 389 1792 tenberg
414 1751 452 1794 Ι,
470 1748 535 1792 27)
564 1753 716 1792 propter
741 1751 944 1785 multorum
970 1750 1154 1785 nominum
1181 1750 1454 1784 similitudinem
1481 1751 1612 1785 deren-

219 1816 300 1860 dit,
333 1826 407 1854 non
439 1817 557 1851 refert
586 1818 832 1860 ducatumque
857 1819 1095 1851 Bremensem
1122 1821 1160 1851 et
1186 1819 1415 1851 verdensem
1441 1817 1613 1851 Cimbro—

220 1891 322 1918 -rum‘
338 1883 493 1926 patriam
517 1883 638 1919 fuisse
664 1885 849 1919 adversus
874 1869 1110 1919 Deckenium‘
1127 1883 1513 1926 (philosoph-histor.
1538 1887 1613 1919 cet.

230 1959 265 1993 p.
282 1946 345 1994 56)
371 1951 482 1993 piane
506 1951 731 1994 negaverim.
895 1987 896 1990 ,

311 2019 342 2058 ³)
371 2019 552 2063 Teutoni,
585 2017 729 2053 Caesar
755 2018 788 2052 b.
806 2027 843 2062 g.
868 2019 906 2062 1,
921 2015 970 2053 33
988 2021 1027 2053 et
1043 2017 1112 2060 40;
1138 2018 1187 2061 11,
1203 2016 1246 2059 43
1272 2018 1356 2063 VII,
1375 2016 1432 2052 77.
1476 2018 1611 2053 Cicero

231 2095 266 2128 p.
283 2086 309 2119 l.
327 2087 375 2119 Μ.
401 2095 432 2119 c.
451 2083 511 2120 2⁰.
552 2085 682 2120 Livius
708 2085 747 2119 in
773 2085 866 2127 Epic.
891 2082 951 2120 67.
993 2084 1163 2129 Vellejus
1188 2086 1238 2128 ΙΙ,
1263 2084 1287 2119 8
1304 2089 1344 2118 et
1364 2083 1419 2118 12.
1457 2089 1613 2120 sueton.

232 2152 269 2185 in
296 2151 462 2186 Caesare
487 2161 520 2185 c.
539 2151 596 2186 11.
637 2155 783 2186 Seneca
807 2153 853 2185 de
877 2152 935 2186 ira
960 2152 998 2196 1,
1022 2151 1079 2185 ll.
1119 2151 1261 2185 Plinius
1287 2152 1352 2185 lib.
1370 2152 1434 2194 IV,
1452 2149 1501 2185 28
1518 2155 1612 2185 sect.

232 2220 334 2254 Mela
358 2220 425 2264 ΠΙ,
449 2217 473 2254 3
490 2221 529 2254 et
545 2217 579 2255 6.
619 2221 759 2254 Lucan.
785 2219 816 2264 I,
832 2215 902 2253 265
910 2229 925 2262 ;
950 2220 1016 2264 VI,
1033 2216 1116 2253 259.
1148 2220 1277 2254 Valer.
1295 2219 1478 2254 Maximus
1497 2220 1560 2264 Vl,
1581 2219 1615 2254 l.

222 2286 386 2320 --Martial
410 2286 514 2329 XIV,
530 2283 638 2320 26.1.
670 2288 822 2328 Eutrop.
838 2286 869 2330 I,
885 2284 969 2321 ⁴06.
1009 2287 1215 2329 Teutones,
1240 2287 1410 2321 Orosius.
1450 2288 1613 2321 neuto-

235 2362 322 2397 αρε,
346 2352 451 2387 Fasti
476 2354 580 2388 Rom.
635 2351 816 2396 Τεύτονες,
841 2354 1019 2388 Plutarch
1044 2353 1082 2388 in
1108 2354 1251 2400 Mario,
1275 2355 1427 2389 Ptolem.

312 2421 345 2459 ι)
371 2419 476 2454 Conf.
500 2422 644 2462 Spener
669 2421 736 2464 111,
753 2418 788 2454 6.
825 2421 1024 2466 Henelius,
1050 2421 1246 2464 Silesiogr.
1273 2422 1303 2464 1,
1321 2420 1378 2455 70.
1410 2421 1615 2466 Cluverus,

234 2486 360 2522 Germ.
384 2488 461 2522 ant.
485 2486 516 2530 Ι,
533 2485 593 2521 81.
626 2487 754 2522 huden
779 2486 809 2531 Ι,
826 2484 886 2522 28.
919 2487 1110 2533 Wiiheim,
1137 2489 1260 2522 Germ.
1284 2497 1319 2530 p.
1337 2485 1396 2521 24.
1430 2488 1617 2523 Reichard

221 2535 492 2593 -tGermani0m
518 2563 552 2596 p·
569 2552 609 2596 4)
636 2554 847 2598 contendit,
872 2555 1021 2589 Clerum
1046 2554 1362 2596 francogallicum·
1383 2556 1492 2589 nobis
1518 2558 1616 2589 Ger·-

235 2620 354 2655 -anis
381 2630 515 2658 nomen
540 2621 784 2665 „Deutsche”
807 2630 830 2656 a
855 2622 1034 2665 „Theou”
1059 2622 1131 2655 deo
1158 2622 1220 2656 vel
1244 2631 1268 2656 a
1292 2622 1487 2667 „Tuisoo”
1511 2631 1617 2666 voce,

236 2695 343 2731 quam
368 2687 524 2724 Tacitus
551 2689 715 2734 profert,
740 2688 941 2726 deductum
964 2687 1153 2725 indidisse.

1270 2752 1278 2762 ‘
1303 2773 1327 2812 3
