1792 3095
909 185 964 228 10

242 324 292 351 ex
332 308 505 350 Tabula*
525 307 859 361 peutingeriana,
901 322 952 348 ex
991 306 1214 349 Claudiuuo
1249 307 1421 357 (Stilich
1448 308 1486 362 l,
1510 309 1626 362 325)

240 394 320 442 „ut
345 389 428 443 jam
461 391 574 429 trans
605 386 768 429 fluvium
799 399 880 428 non
911 385 1144 440 indignante
1166 385 1303 429 Cauco
1337 389 1627 444 puscatBelga

242 467 406 523 pecus?
467 466 657 519 Denique
695 479 744 507 ex
773 465 894 506 Plinii
927 464 1063 506 verbis
1090 463 1279 518 (ubeV,
1311 479 1350 508 c.
1369 465 1497 518 XV):
1534 467 1625 519 -«,·,·In

242 547 387 589 Rheno
426 550 559 588 autem
591 547 681 599 ipso
715 558 843 600 prope
876 543 922 587 C.
953 543 1015 588 M.
1048 558 1087 599 p.
1120 547 1160 587 in
1191 544 1479 599 longitudinem
1511 546 1626 589 nobi-

242 627 397 668 lissima
429 625 675 667 Batavorum
707 625 838 665 insula
871 629 913 665 et
941 622 1234 665 Caninefutium
1268 629 1310 666 et
1338 624 1441 666 aliae
1472 623 1626 667 Frisio-

241 718 351 755 rum,
391 703 670 753 Chaucorum,
709 702 1013 753 Frisiahonum‚
1048 702 1302 753 Sturiorum,
1331 701 1626 746 Marsaciorum

241 796 346 838 quae
379 786 614 823 sternuntur
645 782 749 822 inter
780 779 982 823 Helinium
1022 793 1071 823 ac
1102 778 1356 830 Flevum¹)''
1387 794 1465 823 nec
1496 783 1627 825 minus

244 876 294 904 ex
322 861 503 913 Lucano,
537 861 605 902 uhi
636 861 787 902 milites
818 865 1097 911 recensentur,
1130 863 1197 915 qui
1230 875 1278 903 ex
1309 860 1443 905 Gallia
1473 860 1626 906 Caesa-

241 954 325 983 rem
359 945 499 982 contra
532 939 772 995 Pompejum
805 939 1100 994 sequebantur:

425 1019 511 1071 „Et
542 1032 618 1060 vos
651 1021 875 1072 crinigeros
906 1018 1026 1060 bellis
1058 1031 1199 1060 arcere
1231 1017 1394 1072 Caycos

428 1097 645 1152 Oppositi,
677 1098 814 1152 petitis
846 1096 1030 1148 Romam,
1061 1095 1276 1151 Rhenique
1306 1095 1467 1141 feroces

425 1175 615 1218 Desertie
647 1178 757 1230 ripas
791 1182 832 1217 et
862 1181 1043 1230 apertum
1076 1175 1265 1228 gentibus
1298 1175 1451 1221 orbem.

334 1257 527 1297 Attamen
568 1259 719 1296 tautum
760 1254 899 1305 abest,
940 1259 984 1295 ut
1017 1252 1200 1305 credam,
1238 1252 1496 1296 Chaucorum
1524 1254 1627 1298 fines

243 1334 496 1378 occidentem
528 1347 674 1375 versus
706 1346 836 1387 usque
868 1332 920 1374 ad
950 1332 1137 1375 Rhenum
1168 1332 1299 1375 fuisse
1331 1339 1555 1388 porrectos,
1587 1334 1627 1376 id

244 1414 352 1470 quod
392 1413 635 1455 Gerlachius
653 1408 695 1464 ¹)
729 1417 891 1463 censet,
944 1417 986 1453 ut
1032 1413 1253 1454 existimem
1292 1412 1369 1454 hos
1407 1412 1627 1456 Rhenanus

242 1494 434 1535 Chaucos
475 1493 633 1533 nonnisi
667 1490 925 1533 Chaucorum
957 1495 1132 1544 partem,
1173 1496 1217 1531 ut
1247 1492 1302 1532 ite
1334 1490 1484 1543 dicam,
1525 1506 1627 1547 quae

242 1572 339 1614 illuc
372 1591 430 1600 —
463 1570 605 1610 nescio
639 1582 717 1623 quo
751 1564 989 1624 tempore³)‚
1022 1590 1082 1600 -
1112 1567 1407 1622 demigraverit.

335 1650 441 1691 Nam
481 1648 611 1690 factas
649 1648 754 1690 tales
795 1650 1079 1701 emigrationes
1120 1649 1481 1702 esse,sconjicere
1519 1649 1627 1701 licet,

244 1730 364 1784 quum
388 1742 437 1768 ex
453 1725 583 1767 Taciti
602 1726 749 1776 verbis,
774 1740 940 1780 quorum
959 1727 1042 1779 jam
1061 1739 1184 1778 supra
1201 1728 1442 1769 mentionem
1460 1726 1625 1769 feci:-

323 1886 353 1923 ι)
378 1882 566 1930 emtus
592 1882 740 1923 [Germ.
764 1883 840 1918 ant.
866 1883 919 1925 (p.
934 1878 1006 1917 560
1021 1882 1304 1926 seqq-Dicens
1330 1882 1402 1928 hic,
1427 1883 1494 1929 ait,
1517 1883 1628 1920 Plinii

242 1960 402 1994 prorsus
414 1948 515 1984 ‘mihi
540 1950 746 1991 suspectus
773 1951 851 1993 est,
888 1957 1096 1992 vereorque
1132 1958 1256 1985 veram
1288 1948 1375 1995 ejus
1402 1951 1627 1994 scripturam

242 2019 289 2051 ab
316 2016 489 2059 imperito
516 2014 672 2049 librarlo
699 2016 756 2055 (et
781 2014 866 2057 quid
891 2014 1025 2049 mirum
1050 2017 1116 2049 aut
1141 2024 1291 2059 novum,
1315 2016 1424 2051 foede
1444 2018 1627 2059 deprava-

243 2086 319 2118 tam
344 2092 389 2117 ac
416 2083 631 2124 corruptam
649 2090 748 2115 esse.
782 2084 837 2115 Ac
861 2080 1017 2123 primum
1036 2081 1081 2115 de
1099 2080 1281 2124 Chaucis;
1308 2082 1391 2125 quis
1408 2084 1503 2117 adeo
1522 2093 1626 2118 com-

242 2148 374 2182 minuti
391 2147 568 2189 exesique
585 2156 672 2181 esse
698 2148 824 2188 potest
850 2147 1008 2189 cerebri,
1033 2147 1097 2188 qui
1120 2148 1229 2182 recte
1255 2155 1386 2181 eorum
1411 2156 1544 2183 nomen
1567 2150 1627 2183 hic

243 2213 321 2257 legi
337 2214 468 2248 credat
486 2213 561 2247 eto.
586 2213 625 2246 et
650 2209 769 2254 p.575
798 2211 965 2247 Licentia
990 2212 1161 2254 profecto
1187 2212 1247 2249 hic
1272 2222 1366 2249 usus
1392 2216 1454 2250 est
1476 2215 1626 2257 poetica

244 2283 440 2316 Lucanus:
471 2287 555 2313 nam
580 2286 701 2321 neque
726 2279 894 2314 Rhenum
918 2280 1143 2316 accolebant
1166 2279 1306 2316 chauci
1330 2289 1450 2325 neque
1472 2282 1519 2318 ad
1544 2290 1626 2318 eum

244 2348 302 2383 vel
327 2344 590 2382 latrocinando
623 2346 684 2381 vel
711 2346 884 2382 bellando
909 2355 1071 2391 unquam
1095 2350 1361 2391 pervenerant.

324 2416 354 2455 ⁸)
380 2414 521 2457 Pauly:
546 2413 584 2447 in
609 2414 1032 2456 Real-Encyclopaedia
1057 2414 1095 2458 1,
1120 2423 1155 2456 ι».
1172 2411 1256 2448 319.

321 2483 353 2521 ³)
379 2481 552 2517 chauco-
585 2478 667 2524 jam
697 2481 817 2515 multo
849 2482 937 2515 ante
970 2481 1106 2524 belia,·
1127 2489 1150 2516 a
1180 2478 1338 2515 cimbris
1372 2481 1626 2525 Teutonisque

242 2549 431 2583 adversus
450 2550 637 2582 Romanos
656 2549 778 2591 gesta,
805 2548 899 2581 hanc
918 2549 1055 2582 terram
1074 2556 1296 2594 occupasse,
1312 2548 1411 2591 quod
1429 2548 1625 2584 Kufahlius

242 2615 321 2654 (die
354 2614 579 2648 Geschichte
610 2616 677 2648 der
710 2615 924 2648 Deutschen
961 2616 1125 2649 von·Dr.
1160 2614 1322 2656 Ludwig
1355 2613 1491 2648 Kufahl
1521 2623 1556 2656 p·
1578 2613 1627 2649 28

243 2681 370 2715 Berlin
389 2678 501 2720 1831)
528 2680 724 2717 contendit
749 2689 870 2726 neque
894 2680 1065 2724 accipere
1089 2689 1212 2724 neque
1236 2680 1415 2717 refellere
1440 2680 1477 2716 id
1494 2682 1625 2716 audeo.
