1792 3095
896 165 956 211 23

234 290 342 337 stilis
375 302 471 336 esse
502 293 643 335 centra
673 288 882 334 Romanos
913 301 1060 341 ausos,
1095 290 1232 332 statim
1263 289 1334 333 tihi
1367 293 1504 346 opinio
1536 306 1616 334 non

231 370 379 416 idonea
411 368 630 420 videbitur,
661 371 699 411 si
728 367 907 422 Frisios,
947 370 1025 412 etsi
1059 370 1276 414 viciniores
1308 384 1427 424 quam
1460 369 1616 414 Chauci

232 450 447 502 Romanis,
486 447 728 493 seditionem
768 452 901 491 tamen
932 462 1097 492 movere
1129 446 1273 493 eodem
1305 454 1487 505 tempore
1519 464 1615 494 esse

233 543 358 575 ausos
389 530 597 583 cogitaris.
650 525 894 571 'Secundum
926 527 1036 582 quod
1069 527 1218 573 deinde
1247 534 1522 581 argumentum
1553 529 1614 571 af-

231 608 322 660 fert,
354 608 498 661 logicis
530 611 741 662 tantopere
769 612 981 662 repugnat,
1013 612 1057 648 ut
1086 606 1251 649 refutari
1279 607 1527 662 superfluum
1549 623 1614 651 ar-

232 682 413 740 bitrer¹).
474 684 599 740 Quod
630 684 684 729 ad
714 688 873 730 tertium
906 688 1049 731 attinet
1079 691 1376 741 argumentum,
1416 689 1540 739 satis,
1570 693 1616 729 ut

231 772 346 822 puto,
376 765 652 821 expeditiones
691 779 764 821 per
794 765 953 809 Frisios
984 781 1009 809 a
1039 765 1179 810 Druso
1212 771 1254 808 et
1285 765 1527 809 Germanico
1561 766 1614 810 ad

232 846 422 891 Chaucos
462 845 594 890 factae
625 845 903 890 demonstrant
939 851 979 888 et
1008 845 1118 889 haud
1148 844 1309 889 facilem
1339 844 1393 889 ad
1417 845 1613 890 ,Chauco-

230 940 318 970 rum
350 925 451 970 fines
483 924 634 969 aditum
667 930 710 967 et
739 927 928 968 munitam
960 925 1041 967 loci
1069 929 1211 967 natura
1238 929 1386 967 terram
1408 927 1539 980 ipsam
1560 928 1616 968 ita

229 1005 371 1057 fuisse,
405 1009 448 1046 ut
473 1003 558 1047 fere
579 1007 779 1047 contemni
801 1004 974 1049 hostiles
998 1006 1198 1047 exercitus
1220 1009 1393 1060 possent
1414 1007 1614 1058 aggressi,

230 1083 349 1135 unde,
379 1097 502 1138 quum
532 1089 675 1127 natura
706 1084 809 1126 haec
836 1085 916 1126 loci
944 1083 998 1127 ad
1019 1088 1228 1139 utramque
1251 1083 1509 1125 Chaucorum
1531 1090 1612 1127 ter-

230 1178 313 1206 ram
336 1165 585 1218 pertinuerit,
616 1162 724 1206 haud
753 1162 875 1205 dubie
896 1162 1159 1206 Gannascum
1194 1162 1337 1206 eodem
1367 1161 1487 1214 modo
1510 1165 1614 1206 inter

229 1243 424 1285 Amisiam
466 1248 506 1284 et
536 1242 744 1295 Visurgim
781 1256 831 1283 ac
860 1242 1069 1295 Visurgim
1100 1245 1204 1283 inter
1235 1241 1454 1296 Albimque
1485 1246 1613 1282 tutum

229 1321 357 1364 fuisse
389 1326 571 1377 apparet.
618 1319 730 1365 Idem
763 1319 937 1377 denique
967 1319 1224 1365 Reichardus
1255 1319 1446 1364 Chaucos
1478 1322 1612 1363 orien-

230 1401 334 1443 tales
373 1403 563 1456 proxime
592 1403 840 1455 pertinuisse
879 1401 932 1443 ad
965 1400 1201 1443 Cheruscos
1241 1399 1416 1455 ideoque
1455 1405 1611 1441 vastam

168 1463 170 1466 ‚
229 1485 375 1522 terram
406 1482 588 1523 tenuisse
621 1480 839 1533 contendit,
871 1479 979 1523 unde
1011 1485 1217 1534 sequatur,
1248 1485 1293 1521 ut
1314 1482 1340 1521 ii
1372 1480 1611 1534 „majores”

229 1678 366 1723 gewirs
391 1678 493 1714 nicht
517 1678 557 1713 in
582 1678 640 1713 die
666 1678 922 1713 allernachste
948 1679 1088 1714 Staude
1110 1680 1174 1719 (1)
1206 1678 1402 1715 zwischen
1433 1679 1500 1715 der
1524 1673 1612 1715 Eme

227 1748 302 1782 und
329 1747 473 1783 Weser
505 1746 701 1781 versteckt
732 1746 851 1781 haben
883 1747 1036 1791 werde,
1068 1755 1132 1781 wo
1157 1745 1229 1781 ihm
1255 1746 1314 1781 die
1337 1748 1460 1784 mahen
1484 1747 1613 1783 Romi-

228 1815 345 1849 sclien
361 1815 537 1857 'rruppen
557 1813 713 1848 ohnehln
734 1813 904 1857 sogleieh
919 1814 987 1848 aur
997 1814 1064 1848 der
1081 1814 1200 1848 Ferse
1215 1814 1299 1848 sein
1312 1815 1492 1849 konnten.
1519 1816 1612 1850 Also

227 1882 322 1917 latet
346 1881 426 1915 sich
451 1881 610 1916 hieraus-
626 1881 717 1915 eher
742 1881 809 1915 das
826 1881 1048 1924 Gegentheil
1072 1881 1290 1916 schliersen.
1314 1882 1456 1917 Hierzu
1471 1882 1613 1917 kommt

228 1949 318 1982 aher
342 1949 438 1982 noch
465 1948 533 1981 des
557 1947 710 1981 Tacitus
736 1947 869 1991 eigene
895 1948 1289 1993 Grenzbestimmung‚
1318 1948 1377 1984 die
1403 1948 1462 1984 die
1488 1949 1612 1984 Chau-

228 2016 303 2050 ken
330 2015 389 2049 bis
414 2024 462 2049 an
487 2014 546 2049 die
571 2015 792 2050 Cherusken
817 2014 930 2049 fiihrt.
975 2014 1079 2049 Diers
1105 2015 1276 2051 konnten
1302 2016 1401 2050 daun
1426 2016 1486 2050 die
1511 2016 1612 2050 klei-

228 2091 345 2118 neren
377 2091 514 2125 wegen
554 2082 657 2117 ihrer
690 2081 1077 2125 eingeschranhten-en
1110 2082 1482 2125 Lage‘ohnmoglich
1514 2083 1610 2126 sein,

227 2150 350 2184 indem
375 2149 572 2184 zwlschen
604 2150 670 2184 der
694 2150 780 2183 Ems
807 2150 880 2185 und
905 2149 1046 2184 Weser
1080 2147 1227 2182 siidiich
1260 2156 1335 2182 von
1366 2148 1474 2183 ihnen
1508 2150 1611 2183 zwei

227 2218 386 2260 volker,
412 2216 470 2251 die
493 2216 718 2252 Ansibarien
743 2217 818 2251 und
843 2216 1108 2260 Aug-rivatica,
1134 2217 1331 2260 vorlagen,
1357 2217 1526 2260 dagegen
1553 2216 1611 2250 dic

229 2283 413 2318 &stlichen
438 2283 637 2327 Chauken‚
670 2283 726 2317 bis
752 2293 824 2318 zur
849 2284 964 2319 Leine
987 2285 1136 2328 herauf,
1167 2283 1257 2318 kein
1282 2284 1383 2318 Volk
1416 2284 1611 2319 zwisohen

229 2351 309 2385 sich
333 2351 409 2385 und
435 2350 504 2384 den
530 2350 751 2385 cherusken
777 2352 916 2385 hatten.
963 2352 1151 2385 Demnach
1177 2352 1306 2386 hatten
1331 2351 1391 2386 die
1415 2350 1610 2385 kleineren

229 2420 296 2454 das
322 2419 425 2453 Laud
451 2418 646 2453 zwischen
673 2418 739 2454 der
764 2420 852 2453 Ems
878 2420 953 2454 und
979 2418 1120 2454 Weser
1145 2419 1289 2454 innen”
1318 2421 1389 2453 cet.

309 2487 339 2524 ¹)
364 2485 468 2519 Nulli
500 2484 597 2519 enim
630 2485 780 2520 dublum
817 2494 906 2520 esse
936 2488 1081 2530 potest,
1120 2487 1208 2530 quin
1247 2487 1474 2520 Gannascus
1511 2487 1610 2529 apud

228 2552 400 2587 Chaucos
425 2550 588 2596 majores
613 2553 665 2587 sit
690 2555 869 2589 versatus
878 2564 891 2597 ς
916 2555 984 2588 sed
1010 2554 1213 2598 quaeritur,
1238 2552 1302 2587 ubi
1326 2552 1362 2587 hi
1378 2551 1518 2587 Chauci
1542 2554 1610 2588 ha-

228 2618 448 2664 bitaverint,
475 2621 602 2655 utrum
627 2620 728 2656 luter
745 2620 921 2657 Amisiam
947 2623 987 2656 et
1005 2620 1199 2664 Visurgim
1224 2629 1271 2656 an
1298 2619 1401 2657 inter
1420 2620 1611 2665 Visurgim

228 2684 423 2731 Albimque
444 2686 592 2724 fluvios.
