1792 3095
836 183 894 227 66

169 317 318 345 meram
350 317 427 345 nec
459 304 540 346 uua
573 317 705 346 rerum
738 307 928 346 memoria
957 303 1164 359 probatam
1192 304 1378 358 judicare
1409 304 1552 348 audeo.

166 382 275 424 Nam
299 382 514 424 Strabonis
538 384 616 445 loci
644 385 728 437 jam
751 397 875 438 supra
897 383 1129 438 perlustrati
1152 389 1247 425 sunt
1267 390 1400 438 atque,
1434 398 1552 439 quum

169 460 476 504 demonstrasse
508 462 603 503 mihi
636 462 788 515 videar,
825 462 923 504 nihil
955 465 995 504 in
1026 463 1091 504 his
1129 463 1230 505 locis
1262 462 1554 518 inesse,rquod

168 547 209 582 te
249 547 391 595 cogat,
438 547 483 582 ut
523 539 774 597 ’Λμψανῶν
813 542 1004 597 populum
1046 543 1327 597 Ampsivarios
1367 555 1553 593 censeas,

167 635 250 661 non
281 621 426 672 habeo,
459 620 568 675 quod
599 620 799 674 adjiciam,
838 620 968 662 Taciti
1000 603 1096 662 vero
1130 622 1262 662 locum
1294 622 1461 662 intuenti
1492 622 1553 661 in-

169 699 363 741 credibile
395 699 491 740 mihi
523 699 696 752 videtur,
728 700 929 756 quomodo
961 699 1178 742 Kufahlius
1210 700 1447 754 BoJocaium
1479 712 1552 740 no-

167 781 320 821 minare
353 780 700 834 Ampsivariorum
734 781 955 835 principem
988 782 1142 834 possit,
1192 778 1392 835 quomodo
1432 792 1551 834 porro
1601 820 1604 821 γ

169 858 417 902 contendere
449 858 610 911 audeat,
642 860 925 914 Ampsivarios
957 859 1064 900 hunc
1094 858 1331 912 Bojocaium
1366 861 1481 913 ipsos
1513 861 1553 899 in

169 943 335 979 catenas
355 938 599 990 conjecisse,
626 951 790 991 quarum
811 937 971 992 quidem
990 951 1121 978 rerum
1142 937 1238 978 nihil
1256 936 1422 978 Tacitus
1442 950 1551 977 eom-

167 1022 376 1058 memorat.
418 1014 460 1057 ls
493 1021 633 1057 contra
662 1015 814 1070 liquido
849 1016 957 1067 dicit,
989 1016 1227 1069 Bojocalum
1251 1018 1426 1057 vinctum
1448 1024 1552 1057 ‘esse

162 1096 285 1149 jussu
302 1096 472 1136 Arminii
507 1101 548 1137 et
579 1095 703 1136 verba
736 1094 911 1147 „aderat
942 1096 993 1136 iis
1026 1095 1160 1137 clarus
1193 1109 1266 1150 per
1296 1095 1387 1137 illas
1409 1100 1552 1149 gentes

169 1180 211 1216 et
241 1173 360 1215 nobis
394 1188 555 1229 quoque
584 1173 690 1215 fidus
708 1175 788 1205 -—'’
818 1173 997 1217 Kurahlii
1030 1177 1269 1216 sententiam
1302 1187 1553 1230 nequaquam

168 1252 447 1307 comprobant,
480 1255 630 1308 quippe
663 1267 765 1309 quae
799 1252 941 1295 ducem
974 1259 1125 1315 tantum
1155 1253 1392 1308 Bojocalum
1424 1253 1553 1303 fuisse

169 1331 468 1389 demonstrent,
510 1346 627 1386 quem
661 1333 906 1387 Ampsivarii
946 1333 1024 1374 sibi
1064 1335 1103 1373 in
1142 1335 1340 1385 angustiis
1377 1335 1553 1374 versatis

170 1410 365 1463 elegerint
378 1406 422 1464 ¹).
450 1409 570 1452 Unde
591 1413 708 1462 satis,
740 1417 783 1452 ut
804 1416 915 1465 puto,
937 1410 1159 1465 apparebit,
1182 1425 1255 1451 cur
1271 1412 1552 1464 Ampsivarios

169 1488 354 1543 equidem
376 1490 479 1530 inter
501 1489 576 1530 hos
599 1489 788 1544 populos,
812 1491 878 1544 qui
901 1491 1077 1543 regionis
1097 1488 1309 1531 aChaucis
1329 1501 1553 1543 possessae

167 1581 191 1607 a
224 1566 475 1609 meridionali
508 1574 623 1622 parte
655 1567 876 1622 quaerendi
909 1573 1016 1619 sunt,
1048 1581 1128 1608 non
1159 1569 1462 1610 numeraverim.

259 1645 502 1700 Priusquam
534 1660 631 1688 vero
673 1646 790 1688 finem
834 1649 1180 1688 commentationis
1213 1649 1315 1701 parti
1348 1644 1552 1688 secundae

166 1724 325 1777 faciam,
356 1740 408 1766 ne
442 1724 537 1779 quid
568 1726 663 1766 huic
695 1723 955 1780 disputationi
979 1724 1127 1782 deesse
1148 1724 1343 1777 videatur,
1377 1739 1551 1767 comme-

166 1803 401 1846 morandum
443 1805 538 1845 mihi
580 1809 665 1856 est,
706 1803 888 1846 Tacitum
920 1806 1052 1859 ipsum
1084 1818 1198 1846 meae
1231 1807 1455 1847 sententiae
1487 1819 1551 1845 re-

164 1898 361 1939 pugnare.
426 1882 467 1925 ls
507 1886 609 1925 enim
644 1889 684 1926 et
717 1883 888 1926 Chattos
922 1889 964 1925 et
995 1883 1230 1926 Cheruscos
1263 1906 1321 1914 —-
1354 1890 1398 1925 ut
1429 1897 1552 1938 supra

165 1962 341 2005 vidimus
373 1985 434 1993 -—
467 1962 645 2006 Chaucis
676 1962 866 2005 finitimos
900 1962 1169 2005 disertissime
1194 1962 1386 2018 appellat,
1419 1975 1552 2017 aqua

246 2151 272 2195 ²)
297 2152 421 2186 Meam
447 2150 662 2195 opinionem
688 2150 1125 2196 Bethmann-Hollwegi
1154 2148 1365 2187 auctoritas
1396 2147 1550 2196 adjuvat

165 2217 296 2251 dicens
330 2217 451 2260 (fiber
477 2218 537 2252 die
566 2219 689 2252 Germ.
717 2228 754 2261 p.
778 2215 872 2260 52):
911 2218 1013 2253 Aber
1045 2227 1087 2252 es
1122 2218 1213 2253 fehlt
1244 2220 1338 2254 auch
1371 2218 1471 2253 nicht
1502 2227 1551 2253 an

163 2284 395 2328 Beispielen‚
427 2295 492 2320 wo
520 2284 770 2320 Gemeint'reie
804 2286 895 2320 oder
929 2286 1022 2320 doeh
1048 2287 1198 2331 solche,
1230 2296 1304 2321 von
1330 2287 1452 2321 denen
1479 2295 1551 2321 nur

163 2351 427 2386 Waffenruhm
460 2353 520 2387 als
556 2353 687 2387 Grund
720 2353 788 2387 der
817 2352 1114 2395 Auszeietmung
1144 2353 1319 2388 erwiihnt
1353 2352 1468 2397 wira,
1500 2360 1552 2386 zu

162 2418 481 2462 Volksherzogen
514 2419 682 2453 erboben
715 2420 889 2454 wurden.
939 2418 1044 2454 conr.
1078 2420 1155 2453 not.
1180 2416 1224 2464 3,
1259 2419 1320 2453 ubi
1350 2419 1387 2454 tn
1420 2420 1551 2452 horum

162 2494 319 2521 numero
353 2483 555 2530 Bojocalus
591 2487 756 2521 refertur
766 2497 779 2529 ς
805 2501 853 2509 -
886 2486 948 2520 vel
973 2486 1191 2521 Mascovius
1219 2487 1458 2529 (Geschiohte
1483 2485 1550 2518 der

161 2553 383 2588 Deutscheu
410 2562 485 2588 von
503 2554 652 2588 Johann
669 2554 789 2589 Jacob
811 2555 983 2588 Mascou.
1010 2553 1166 2597 Leipzig
1184 2550 1289 2588 1726.
1314 2562 1349 2595 p.
1369 2548 1454 2593 114)
1481 2558 1550 2585 ne-

163 2619 445 2665 cessantium,
470 2630 566 2665 quae
590 2621 698 2657 inter»
717 2618 935 2667 Bojocalum
962 2620 1295 2664 Ampsivariosque
1319 2617 1449 2661 fuerit,
1469 2615 1549 2663 jam

161 2686 400 2723 intellexIsse
429 2688 588 2723 videtur.
